Transaction Number,Date,Description ,Memo,Category,Transaction Amount,Balance,Temp 1
1001,01/01/2017,BALANCE TRANSER ,From old checking account,Transfer,"$200,000.00","$250,000.00",Occaisional
31650,01/01/2017,ATM WITHDRAWAL,7-11 ATM,Uncategorized,-$402.50,"$249,597.50",Occaisional
31617,01/01/2017,PAYMENT/TRANSFER DEBIT,Private Island Mortgage,Housing,"-$105,062.35","$144,535.15",Recurring
31618,01/02/2017,PAYMENT/TRANSFER DEBIT,Emergency Shuttle Standby,Auto & Transport,"-$10,056.87","$134,478.28",Recurring
31621,01/03/2017,PAYMENT/TRANSFER DEBIT,Universal Subway Pass,Auto & Transport,"-$2,846.87","$131,631.41",Recurring
31623,01/04/2017,PAYMENT/TRANSFER DEBIT,Turbo Yacht - Mooring Fees,Auto & Transport,"-$18,362.87","$113,268.54",Recurring
31620,01/04/2017,DEBIT PURCHASE,Zero Grav Poop Scoop,Pets,"-$2,389.78","$110,878.76",Occaisional
31625,01/05/2017,PAYMENT/TRANSFER DEBIT,Car Maintentance Service,Auto & Transport,"-$3,153.65","$107,725.11",Recurring
31624,01/05/2017,PAYMENT/TRANSFER DEBIT,Galaxy Express Plutonium Card,Fees & Charges,"-$31,256.84","$76,468.27",Recurring
101523,01/05/2017,Direct Deposit,Dance of Mole Men - The Album,Royalties,"$2,385.35","$78,853.62",Recurring
31626,01/06/2017,PAYMENT/TRANSFER DEBIT,Electric & Gas,Utilities,"-$6,523.56","$72,330.06",Recurring
31628,01/07/2017,PAYMENT/TRANSFER DEBIT,Secret Lab Insurance ,Insurance ,"-$1,352.02","$70,978.04",Recurring
31627,01/07/2017,PAYMENT/TRANSFER DEBIT,Private Island Volcano Insurance,Insurance ,"-$10,325.63","$60,652.41",Recurring
101561,01/07/2017,BALANCE TRANSER ,Savings Account,Transfer,"$70,000.00","$130,652.41",Recurring
31629,01/09/2017,DEBIT PURCHASE,Penthouse Rent/Timeshare,Housing,"-$10,500.52","$120,151.89",Recurring
31642,01/11/2017,DEBIT PURCHASE,M. Wells Dinette,Food & Dining,-$406.32,"$119,745.57",Occaisional
31630,01/12/2017,PAYMENT/TRANSFER DEBIT,Personal Accountant,Fees & Charges,"-$8,062.88","$111,682.69",Recurring
31632,01/13/2017,DEBIT PURCHASE,NetPix On Demand Video,Entertainment,-$3.25,"$111,679.44",Occaisional
31634,01/14/2017,PAYMENT/TRANSFER DEBIT,Emergency Medical Wing Standby,Health & Fitness,"-$6,500.00","$105,179.44",Recurring
31635,01/15/2017,DEBIT PURCHASE,Personal Satellite Network ,Utilities,"-$30,026.35","$75,153.09",Recurring
101551,01/15/2017,DIRECT DEPOSIT,Trust Fund Stock,Dividends,"$756,572.01","$831,725.10",Recurring
31636,01/16/2017,DEBIT PURCHASE,World Gurning Championships,Entertainment,"-$3,265.11","$828,459.99",Occaisional
101589,01/16/2017,BALANCE TRANSER ,Money Market,Transfer,"$50,000.00","$878,459.99",Recurring
31631,01/17/2017,ATM WITHDRAWAL,Work Caffeteria ATM,Uncategorized,-$403.00,"$878,056.99",Occaisional
31622,01/19/2017,DEBIT PURCHASE,"Guy Savoy, Paris (Groupon) ",Food & Dining,"-$8,398.65","$869,658.34",Occaisional
31637,01/20/2017,DEBIT PURCHASE,Napa Valley Wine Train,Food & Dining,"-$1,368.27","$868,290.07",Occaisional
31639,01/21/2017,PAYMENT/TRANSFER DEBIT,Life and Clone Term Insurance ,Insurance ,-$898.32,"$867,391.75",Recurring
31638,01/21/2017,DEBIT PURCHASE,Secret decoder rings,Clothing & Personal ,-$658.74,"$866,733.01",Occaisional
31640,01/22/2017,PAYMENT/TRANSFER DEBIT,Personal Trainer / Body Guard,Health & Fitness,"-$12,365.95","$854,367.06",Recurring
31641,01/23/2017,PAYMENT/TRANSFER DEBIT,Personal Stylist (part time) ,Clothing & Personal ,"-$5,361.32","$849,005.74",Recurring
31644,01/24/2017,PAYMENT/TRANSFER DEBIT,Personal Chef/Nutritionist,Food & Dining,"-$8,659.48","$840,346.26",Recurring
31643,01/24/2017,PAYMENT/TRANSFER DEBIT,Personal Concierge,Entertainment,"-$2,506.99","$837,839.27",Recurring
31646,01/25/2017,PAYMENT/TRANSFER DEBIT,Clone maintenance / Health Insurance,Insurance ,"-$2,305.21","$835,534.06",Recurring
31645,01/25/2017,PAYMENT/TRANSFER DEBIT,AI Machine Learning Loans,Loans,"-$16,350.32","$819,183.74",Recurring
31648,01/26/2017,PAYMENT/TRANSFER DEBIT,Personal Lawyer,Fees & Charges,"-$2,566.37","$816,617.37",Recurring
31649,01/27/2017,DEBIT PURCHASE,Zero Gravity Yoga Training,Health & Fitness,"-$15,020.32","$801,597.05",Occaisional
31633,01/28/2017,DEBIT PURCHASE,Taco Shack,Food & Dining,-$64.85,"$801,532.20",Occaisional
31647,01/30/2017,DEBIT PURCHASE,Metal Man Live,Entertainment,"-$25,006.35","$776,525.85",Occaisional
31652,02/01/2017,PAYMENT/TRANSFER DEBIT,Private Island Mortgage,Housing,"-$105,062.35","$671,463.50",Recurring
31653,02/02/2017,PAYMENT/TRANSFER DEBIT,Emergency Shuttle Standby,Auto & Transport,"-$10,056.87","$661,406.63",Recurring
31683,02/03/2017,DEBIT PURCHASE,"Fletwood Mac, Private Show",Entertainment,"-$25,006.35","$636,400.28",Occaisional
31656,02/03/2017,PAYMENT/TRANSFER DEBIT,Universal Subway Pass,Auto & Transport,"-$2,846.87","$633,553.41",Recurring
31658,02/04/2017,PAYMENT/TRANSFER DEBIT,Turbo Yacht - Mooring Fees,Auto & Transport,"-$18,362.87","$615,190.54",Recurring
31660,02/05/2017,PAYMENT/TRANSFER DEBIT,Car Maintentance Service,Auto & Transport,"-$3,153.65","$612,036.89",Recurring
31659,02/05/2017,PAYMENT/TRANSFER DEBIT,Galaxy Express Plutonium Card,Fees & Charges,"-$16,856.88","$595,180.01",Recurring
101524,02/05/2017,Direct Deposit,Dance of Mole Men - The Album,Royalties,"$3,495.32","$598,675.33",Recurring
31661,02/06/2017,PAYMENT/TRANSFER DEBIT,Electric & Gas,Utilities,"-$7,256.96","$591,418.37",Recurring
31663,02/07/2017,PAYMENT/TRANSFER DEBIT,Secret Lab Insurance ,Insurance ,"-$1,352.02","$590,066.35",Recurring
31662,02/07/2017,PAYMENT/TRANSFER DEBIT,Private Island Volcano Insurance,Insurance ,"-$10,325.63","$579,740.72",Recurring
101562,02/07/2017,BALANCE TRANSER ,Savings Account,Transfer,"$70,000.00","$649,740.72",Recurring
31664,02/09/2017,DEBIT PURCHASE,Penthouse Rent/Timeshare,Housing,"-$10,500.52","$639,240.20",Recurring
31665,02/12/2017,PAYMENT/TRANSFER DEBIT,Personal Accountant,Fees & Charges,"-$8,062.88","$631,177.32",Recurring
31678,02/13/2017,DEBIT PURCHASE,De Kas,Food & Dining,-$180.54,"$630,996.78",Occaisional
31667,02/13/2017,DEBIT PURCHASE,NetPix On Demand Video,Entertainment,-$3.25,"$630,993.53",Occaisional
31669,02/14/2017,PAYMENT/TRANSFER DEBIT,Emergency Medical Wing Standby,Health & Fitness,"-$6,500.00","$624,493.53",Recurring
31654,02/14/2017,DEBIT PURCHASE,Self Driving Unicycle ,Shopping,"-$15,654.54","$608,838.99",Occaisional
31670,02/15/2017,DEBIT PURCHASE,Personal Satellite Network ,Utilities,"-$30,026.35","$578,812.64",Recurring
31666,02/15/2017,ATM WITHDRAWAL,Work Caffeteria ATM,Uncategorized,-$403.00,"$578,409.64",Occaisional
31673,02/16/2017,DEBIT PURCHASE,Barbie Cafe,Food & Dining,-$321.54,"$578,088.10",Occaisional
31671,02/16/2017,DEBIT PURCHASE,World Toe Wrestling Championships,Entertainment,"-$1,289.11","$576,798.99",Occaisional
101590,02/16/2017,BALANCE TRANSER ,Money Market,Transfer,"$50,000.00","$626,798.99",Recurring
31672,02/18/2017,ATM WITHDRAWAL,7-11 ATM,Uncategorized,-$402.50,"$626,396.49",Occaisional
31675,02/21/2017,PAYMENT/TRANSFER DEBIT,Life and Clone Term Insurance ,Insurance ,-$898.32,"$625,498.17",Recurring
31674,02/21/2017,DEBIT PURCHASE,4 dimensional wallet,Clothing & Personal ,"-$10,358.97","$615,139.20",Occaisional
31668,02/21/2017,DEBIT PURCHASE,Taco Shack,Food & Dining,-$21.95,"$615,117.25",Occaisional
31676,02/22/2017,PAYMENT/TRANSFER DEBIT,Personal Trainer / Body Guard,Health & Fitness,"-$12,365.95","$602,751.30",Recurring
31677,02/23/2017,PAYMENT/TRANSFER DEBIT,Personal Stylist (part time) ,Clothing & Personal ,"-$5,361.32","$597,389.98",Recurring
31680,02/24/2017,PAYMENT/TRANSFER DEBIT,Personal Chef/Nutritionist,Food & Dining,"-$8,659.48","$588,730.50",Recurring
31679,02/24/2017,PAYMENT/TRANSFER DEBIT,Personal Concierge,Entertainment,"-$2,506.99","$586,223.51",Recurring
31655,02/24/2017,DEBIT PURCHASE,Psychotherapy Sessions - 12 pack,Pets,"-$3,600.00","$582,623.51",Occaisional
31682,02/25/2017,PAYMENT/TRANSFER DEBIT,Clone maintenance / Health Insurance,Insurance ,"-$2,305.21","$580,318.30",Recurring
31681,02/25/2017,PAYMENT/TRANSFER DEBIT,AI Machine Learning Loans,Loans,"-$16,350.32","$563,967.98",Recurring
31685,02/26/2017,DEBIT PURCHASE,Solar Powered Running Shoes,Health & Fitness,"-$2,365.52","$561,602.46",Occaisional
31684,02/26/2017,PAYMENT/TRANSFER DEBIT,Personal Lawyer,Fees & Charges,"-$2,566.37","$559,036.09",Recurring
31657,02/28/2017,DEBIT PURCHASE,Fife & Drum,Food & Dining,"-$1,365.00","$557,671.09",Occaisional
31687,03/01/2017,PAYMENT/TRANSFER DEBIT,Private Island Mortgage,Housing,"-$105,062.35","$452,608.74",Recurring
31688,03/02/2017,PAYMENT/TRANSFER DEBIT,Emergency Shuttle Standby,Auto & Transport,"-$10,056.87","$442,551.87",Recurring
31691,03/03/2017,PAYMENT/TRANSFER DEBIT,Universal Subway Pass,Auto & Transport,"-$2,846.87","$439,705.00",Recurring
31693,03/04/2017,PAYMENT/TRANSFER DEBIT,Turbo Yacht - Mooring Fees,Auto & Transport,"-$18,362.87","$421,342.13",Recurring
31695,03/05/2017,PAYMENT/TRANSFER DEBIT,Car Maintentance Service,Auto & Transport,"-$3,153.65","$418,188.48",Recurring
31694,03/05/2017,PAYMENT/TRANSFER DEBIT,Galaxy Express Plutonium Card,Fees & Charges,"-$15,874.02","$402,314.46",Recurring
101525,03/05/2017,Direct Deposit,Dance of Mole Men - The Album,Royalties,"$12,375.08","$414,689.54",Recurring
31720,03/06/2017,ATM WITHDRAWAL,7-11 ATM,Uncategorized,-$402.50,"$414,287.04",Occaisional
31696,03/06/2017,PAYMENT/TRANSFER DEBIT,Electric & Gas,Utilities,"-$5,231.65","$409,055.39",Recurring
31719,03/07/2017,DEBIT PURCHASE,Zero Gravity Yoga Training,Health & Fitness,"-$15,020.32","$394,035.07",Occaisional
31698,03/07/2017,PAYMENT/TRANSFER DEBIT,Secret Lab Insurance ,Insurance ,"-$1,352.02","$392,683.05",Recurring
31697,03/07/2017,PAYMENT/TRANSFER DEBIT,Private Island Volcano Insurance,Insurance ,"-$10,325.63","$382,357.42",Recurring
101563,03/07/2017,BALANCE TRANSER ,Savings Account,Transfer,"$70,000.00","$452,357.42",Recurring
31712,03/08/2017,DEBIT PURCHASE, De Culinaire Werkplaats,Food & Dining,"-$2,861.21","$449,496.21",Occaisional
31699,03/09/2017,DEBIT PURCHASE,Penthouse Rent/Timeshare,Housing,"-$10,500.52","$438,995.69",Recurring
31700,03/12/2017,PAYMENT/TRANSFER DEBIT,Personal Accountant,Fees & Charges,"-$8,062.88","$430,932.81",Recurring
31702,03/13/2017,DEBIT PURCHASE,NetPix On Demand Video,Entertainment,-$3.25,"$430,929.56",Occaisional
31704,03/14/2017,PAYMENT/TRANSFER DEBIT,Emergency Medical Wing Standby,Health & Fitness,"-$6,500.00","$424,429.56",Recurring
31701,03/14/2017,ATM WITHDRAWAL,Work Caffeteria ATM,Uncategorized,-$403.00,"$424,026.56",Occaisional
31705,03/15/2017,DEBIT PURCHASE,Personal Satellite Network ,Utilities,"-$30,026.35","$394,000.21",Recurring
31706,03/16/2017,DEBIT PURCHASE,Underwater Music Festival,Entertainment,"-$21,856.96","$372,143.25",Occaisional
101591,03/16/2017,BALANCE TRANSER ,Money Market,Transfer,"$50,000.00","$422,143.25",Recurring
31703,03/17/2017,DEBIT PURCHASE,Taco Shack,Food & Dining,-$25.14,"$422,118.11",Occaisional
31709,03/21/2017,PAYMENT/TRANSFER DEBIT,Life and Clone Term Insurance ,Insurance ,-$898.32,"$421,219.79",Recurring
31708,03/21/2017,DEBIT PURCHASE,Flame Protection Manicure,Clothing & Personal ,-$62.39,"$421,157.41",Occaisional
31690,03/21/2017,DEBIT PURCHASE,Pooch Pedometer,Pets,-$65.02,"$421,092.39",Occaisional
31710,03/22/2017,PAYMENT/TRANSFER DEBIT,Personal Trainer / Body Guard,Health & Fitness,"-$12,365.95","$408,726.44",Recurring
31711,03/23/2017,PAYMENT/TRANSFER DEBIT,Personal Stylist (part time) ,Clothing & Personal ,"-$5,361.32","$403,365.12",Recurring
31714,03/24/2017,PAYMENT/TRANSFER DEBIT,Personal Chef/Nutritionist,Food & Dining,"-$8,659.48","$394,705.64",Recurring
31713,03/24/2017,PAYMENT/TRANSFER DEBIT,Personal Concierge,Entertainment,"-$2,506.99","$392,198.65",Recurring
31692,03/24/2017,DEBIT PURCHASE,The Yurt at Solitude,Food & Dining,-$365.87,"$391,832.78",Occaisional
31716,03/25/2017,PAYMENT/TRANSFER DEBIT,Clone maintenance / Health Insurance,Insurance ,"-$2,305.21","$389,527.57",Recurring
31715,03/25/2017,PAYMENT/TRANSFER DEBIT,AI Machine Learning Loans,Loans,"-$16,350.32","$373,177.25",Recurring
31689,03/25/2017,DEBIT PURCHASE,5d printer,Shopping,"-$70,032.86","$303,144.39",Occaisional
31718,03/26/2017,PAYMENT/TRANSFER DEBIT,Personal Lawyer,Fees & Charges,"-$2,566.37","$300,578.02",Recurring
31717,03/26/2017,DEBIT PURCHASE,"Deadpool 3, Private Show",Entertainment,-$654.13,"$299,923.89",Occaisional
31722,04/01/2017,PAYMENT/TRANSFER DEBIT,Private Island Mortgage,Housing,"-$105,062.35","$194,861.54",Recurring
31723,04/02/2017,PAYMENT/TRANSFER DEBIT,Emergency Shuttle Standby,Auto & Transport,"-$10,056.87","$184,804.67",Recurring
31724,04/03/2017,PAYMENT/TRANSFER DEBIT,Universal Subway Pass,Auto & Transport,"-$2,846.87","$181,957.80",Recurring
31728,04/04/2017,PAYMENT/TRANSFER DEBIT,Turbo Yacht - Mooring Fees,Auto & Transport,"-$18,362.87","$163,594.93",Recurring
31730,04/05/2017,PAYMENT/TRANSFER DEBIT,Car Maintentance Service,Auto & Transport,"-$3,153.65","$160,441.28",Recurring
31729,04/05/2017,PAYMENT/TRANSFER DEBIT,Galaxy Express Plutonium Card,Fees & Charges,"-$17,325.36","$143,115.92",Recurring
101526,04/05/2017,Direct Deposit,Dance of Mole Men - The Album,Royalties,"$5,715.26","$148,831.18",Recurring
31736,04/06/2017,ATM WITHDRAWAL,Work Caffeteria ATM,Uncategorized,-$403.00,"$148,428.18",Occaisional
31731,04/06/2017,PAYMENT/TRANSFER DEBIT,Electric & Gas,Utilities,"-$3,756.89","$144,671.29",Recurring
31733,04/07/2017,PAYMENT/TRANSFER DEBIT,Secret Lab Insurance ,Insurance ,"-$1,352.02","$143,319.27",Recurring
31732,04/07/2017,PAYMENT/TRANSFER DEBIT,Private Island Volcano Insurance,Insurance ,"-$10,325.63","$132,993.64",Recurring
101564,04/07/2017,BALANCE TRANSER ,Savings Account,Transfer,"$70,000.00","$202,993.64",Recurring
31734,04/09/2017,DEBIT PURCHASE,Penthouse Rent/Timeshare,Housing,"-$10,500.52","$192,493.12",Recurring
31735,04/12/2017,PAYMENT/TRANSFER DEBIT,Personal Accountant,Fees & Charges,"-$8,062.88","$184,430.24",Recurring
31737,04/13/2017,DEBIT PURCHASE,NetPix On Demand Video,Entertainment,-$3.25,"$184,426.99",Occaisional
31739,04/14/2017,PAYMENT/TRANSFER DEBIT,Emergency Medical Wing Standby,Health & Fitness,"-$6,500.00","$177,926.99",Recurring
31740,04/15/2017,DEBIT PURCHASE,Personal Satellite Network ,Utilities,"-$30,026.35","$147,900.64",Recurring
101552,04/15/2017,DIRECT DEPOSIT,Trust Fund Stock,Dividends,"$736,532.01","$884,432.65",Recurring
31741,04/16/2017,DEBIT PURCHASE,World Bog Snorkelling Championships,Entertainment,"-$7,238.96","$877,193.69",Occaisional
101592,04/16/2017,BALANCE TRANSER ,Money Market,Transfer,"$50,000.00","$927,193.69",Recurring
31754,04/19/2017,DEBIT PURCHASE,Peleton Bike for two,Health & Fitness,"-$7,508.88","$919,684.81",Occaisional
31747,04/20/2017,DEBIT PURCHASE,Masa,Food & Dining,-$997.35,"$918,687.46",Occaisional
31727,04/20/2017,DEBIT PURCHASE,Harvey Washbangers,Food & Dining,-$189.89,"$918,497.57",Occaisional
31744,04/21/2017,PAYMENT/TRANSFER DEBIT,Life and Clone Term Insurance ,Insurance ,-$898.32,"$917,599.25",Recurring
31743,04/21/2017,DEBIT PURCHASE,Formula 1 bow tie,Clothing & Personal ,-$32.55,"$917,566.70",Occaisional
31745,04/22/2017,PAYMENT/TRANSFER DEBIT,Personal Trainer / Body Guard,Health & Fitness,"-$12,365.95","$905,200.75",Recurring
31725,04/22/2017,DEBIT PURCHASE,"Dance of the Mole Men, Limited Edition",Shopping,"-$10,332.86","$894,867.89",Occaisional
31746,04/23/2017,PAYMENT/TRANSFER DEBIT,Personal Stylist (part time) ,Clothing & Personal ,"-$5,361.32","$889,506.57",Recurring
31726,04/23/2017,DEBIT PURCHASE,Zero Gravity Collar,Pets,-$724.12,"$888,782.45",Occaisional
31749,04/24/2017,PAYMENT/TRANSFER DEBIT,Personal Chef/Nutritionist,Food & Dining,"-$8,659.48","$880,122.97",Recurring
31748,04/24/2017,PAYMENT/TRANSFER DEBIT,Personal Concierge,Entertainment,"-$2,506.99","$877,615.98",Recurring
31742,04/24/2017,DEBIT PURCHASE,Post Office Pies,Food & Dining,-$95.64,"$877,520.34",Occaisional
31751,04/25/2017,PAYMENT/TRANSFER DEBIT,Clone maintenance / Health Insurance,Insurance ,"-$2,305.21","$875,215.13",Recurring
31750,04/25/2017,PAYMENT/TRANSFER DEBIT,AI Machine Learning Loans,Loans,"-$16,350.32","$858,864.81",Recurring
31755,04/26/2017,ATM WITHDRAWAL,7-11 ATM,Uncategorized,-$402.50,"$858,462.31",Occaisional
31753,04/26/2017,PAYMENT/TRANSFER DEBIT,Personal Lawyer,Fees & Charges,"-$2,566.37","$855,895.94",Recurring
31752,04/27/2017,DEBIT PURCHASE,"Beyonce, Private Show",Entertainment,"-$25,006.35","$830,889.59",Occaisional
31738,04/27/2017,DEBIT PURCHASE,Taco Shack,Food & Dining,-$98.36,"$830,791.23",Occaisional
31757,05/01/2017,PAYMENT/TRANSFER DEBIT,Private Island Mortgage,Housing,"-$105,062.35","$725,728.88",Recurring
31758,05/02/2017,PAYMENT/TRANSFER DEBIT,Emergency Shuttle Standby,Auto & Transport,"-$10,056.87","$715,672.01",Recurring
31763,05/03/2017,DEBIT PURCHASE,ICHIRAN,Food & Dining,-$89.64,"$715,582.37",Occaisional
31759,05/03/2017,PAYMENT/TRANSFER DEBIT,Universal Subway Pass,Auto & Transport,"-$2,846.87","$712,735.50",Recurring
31760,05/04/2017,PAYMENT/TRANSFER DEBIT,Turbo Yacht - Mooring Fees,Auto & Transport,"-$18,362.87","$694,372.63",Recurring
31771,05/05/2017,ATM WITHDRAWAL,Work Caffeteria ATM,Uncategorized,-$403.00,"$693,969.63",Occaisional
31765,05/05/2017,PAYMENT/TRANSFER DEBIT,Car Maintentance Service,Auto & Transport,"-$3,153.65","$690,815.98",Recurring
31764,05/05/2017,PAYMENT/TRANSFER DEBIT,Galaxy Express Plutonium Card,Fees & Charges,"-$26,789.54","$664,026.44",Recurring
101527,05/05/2017,Direct Deposit,Dance of Mole Men - The Album,Royalties,"$6,825.23","$670,851.67",Recurring
31766,05/06/2017,PAYMENT/TRANSFER DEBIT,Electric & Gas,Utilities,"-$2,789.98","$668,061.69",Recurring
31768,05/07/2017,PAYMENT/TRANSFER DEBIT,Secret Lab Insurance ,Insurance ,"-$1,352.02","$666,709.67",Recurring
31767,05/07/2017,PAYMENT/TRANSFER DEBIT,Private Island Volcano Insurance,Insurance ,"-$10,325.63","$656,384.04",Recurring
101565,05/07/2017,BALANCE TRANSER ,Savings Account,Transfer,"$70,000.00","$726,384.04",Recurring
31769,05/09/2017,DEBIT PURCHASE,Penthouse Rent/Timeshare,Housing,"-$10,500.52","$715,883.52",Recurring
31761,05/10/2017,DEBIT PURCHASE,Renault F1 Team Collection Chess Set,Shopping,"-$38,023.35","$677,860.17",Occaisional
31773,05/12/2017,DEBIT PURCHASE,Taco Shack,Food & Dining,-$425.65,"$677,434.52",Occaisional
31770,05/12/2017,PAYMENT/TRANSFER DEBIT,Personal Accountant,Fees & Charges,"-$8,062.88","$669,371.64",Recurring
31772,05/13/2017,DEBIT PURCHASE,NetPix On Demand Video,Entertainment,-$3.25,"$669,368.39",Occaisional
31774,05/14/2017,PAYMENT/TRANSFER DEBIT,Emergency Medical Wing Standby,Health & Fitness,"-$6,500.00","$662,868.39",Recurring
31775,05/15/2017,DEBIT PURCHASE,Personal Satellite Network ,Utilities,"-$30,026.35","$632,842.04",Recurring
31776,05/16/2017,DEBIT PURCHASE,Electric Air Guitar Lessons,Entertainment,"-$5,238.99","$627,603.05",Occaisional
101593,05/16/2017,BALANCE TRANSER ,Money Market,Transfer,"$50,000.00","$677,603.05",Recurring
31779,05/21/2017,PAYMENT/TRANSFER DEBIT,Life and Clone Term Insurance ,Insurance ,-$898.32,"$676,704.73",Recurring
31778,05/21/2017,DEBIT PURCHASE,Hair rustproofing,Clothing & Personal ,-$995.11,"$675,709.62",Occaisional
31777,05/21/2017,DEBIT PURCHASE,Arbies,Food & Dining,-$13.62,"$675,696.00",Occaisional
31780,05/22/2017,PAYMENT/TRANSFER DEBIT,Personal Trainer / Body Guard,Health & Fitness,"-$12,365.95","$663,330.05",Recurring
31790,05/23/2017,ATM WITHDRAWAL,7-11 ATM,Uncategorized,-$402.50,"$662,927.55",Occaisional
31781,05/23/2017,PAYMENT/TRANSFER DEBIT,Personal Stylist (part time) ,Clothing & Personal ,"-$5,361.32","$657,566.23",Recurring
31784,05/24/2017,PAYMENT/TRANSFER DEBIT,Personal Chef/Nutritionist,Food & Dining,"-$8,659.48","$648,906.75",Recurring
31783,05/24/2017,PAYMENT/TRANSFER DEBIT,Personal Concierge,Entertainment,"-$2,506.99","$646,399.76",Recurring
31782,05/24/2017,DEBIT PURCHASE,The Magic Castle ,Food & Dining,-$181.37,"$646,218.39",Occaisional
31787,05/25/2017,DEBIT PURCHASE,Secret Superstar Premier,Entertainment,-$895.11,"$645,323.28",Occaisional
31786,05/25/2017,PAYMENT/TRANSFER DEBIT,Clone maintenance / Health Insurance,Insurance ,"-$2,305.21","$643,018.07",Recurring
31785,05/25/2017,PAYMENT/TRANSFER DEBIT,AI Machine Learning Loans,Loans,"-$16,350.32","$626,667.75",Recurring
31788,05/26/2017,PAYMENT/TRANSFER DEBIT,Personal Lawyer,Fees & Charges,"-$2,566.37","$624,101.38",Recurring
31762,05/28/2017,DEBIT PURCHASE,Space Walk Trial Run,Pets,"-$12,385.03","$611,716.35",Occaisional
31792,06/01/2017,PAYMENT/TRANSFER DEBIT,Private Island Mortgage,Housing,"-$105,062.35","$506,654.00",Recurring
31793,06/02/2017,PAYMENT/TRANSFER DEBIT,Emergency Shuttle Standby,Auto & Transport,"-$10,056.87","$496,597.13",Recurring
31794,06/03/2017,PAYMENT/TRANSFER DEBIT,Universal Subway Pass,Auto & Transport,"-$2,846.87","$493,750.26",Recurring
31797,06/04/2017,DEBIT PURCHASE,"Guy Savoy, Paris (Groupon) ",Food & Dining,-$126.89,"$493,623.37",Occaisional
31795,06/04/2017,PAYMENT/TRANSFER DEBIT,Turbo Yacht - Mooring Fees,Auto & Transport,"-$18,362.87","$475,260.50",Recurring
31812,06/05/2017,DEBIT PURCHASE,Tongabezi Lodge,Food & Dining,"-$2,367.98","$472,892.52",Occaisional
31799,06/05/2017,PAYMENT/TRANSFER DEBIT,Car Maintentance Service,Auto & Transport,"-$3,153.65","$469,738.87",Recurring
31798,06/05/2017,PAYMENT/TRANSFER DEBIT,Galaxy Express Plutonium Card,Fees & Charges,"-$35,025.52","$434,713.35",Recurring
101528,06/05/2017,Direct Deposit,Dance of Mole Men - The Album,Royalties,"$7,935.20","$442,648.55",Recurring
31801,06/06/2017,PAYMENT/TRANSFER DEBIT,Electric & Gas,Utilities,"-$6,752.65","$435,895.90",Recurring
31803,06/07/2017,PAYMENT/TRANSFER DEBIT,Secret Lab Insurance ,Insurance ,"-$1,352.02","$434,543.88",Recurring
31802,06/07/2017,PAYMENT/TRANSFER DEBIT,Private Island Volcano Insurance,Insurance ,"-$10,325.63","$424,218.25",Recurring
101566,06/07/2017,BALANCE TRANSER ,Savings Account,Transfer,"$70,000.00","$494,218.25",Recurring
31804,06/09/2017,DEBIT PURCHASE,Penthouse Rent/Timeshare,Housing,"-$10,500.52","$483,717.73",Recurring
31805,06/12/2017,PAYMENT/TRANSFER DEBIT,Personal Accountant,Fees & Charges,"-$8,062.88","$475,654.85",Recurring
31807,06/13/2017,DEBIT PURCHASE,NetPix On Demand Video,Entertainment,-$3.25,"$475,651.60",Occaisional
31817,06/14/2017,DEBIT PURCHASE,Rattlesnake Saloon,Food & Dining,-$385.45,"$475,266.15",Occaisional
31809,06/14/2017,PAYMENT/TRANSFER DEBIT,Emergency Medical Wing Standby,Health & Fitness,"-$6,500.00","$468,766.15",Recurring
31808,06/14/2017,DEBIT PURCHASE,Taco Shack,Food & Dining,-$37.85,"$468,728.30",Occaisional
31810,06/15/2017,DEBIT PURCHASE,Personal Satellite Network ,Utilities,"-$30,026.35","$438,701.95",Recurring
31806,06/15/2017,ATM WITHDRAWAL,Work Caffeteria ATM,Uncategorized,-$403.00,"$438,298.95",Occaisional
31811,06/16/2017,DEBIT PURCHASE,Finland Air Guitar World Championship,Entertainment,"-$2,387.64","$435,911.31",Occaisional
101594,06/16/2017,BALANCE TRANSER ,Money Market,Transfer,"$50,000.00","$485,911.31",Recurring
31800,06/18/2017,DEBIT PURCHASE,Doggie Tea Party,Pets,"-$1,021.33","$484,889.98",Occaisional
31824,06/21/2017,DEBIT PURCHASE,Dance of the MoleMen lessons,Health & Fitness,"-$3,205.57","$481,684.41",Occaisional
31814,06/21/2017,PAYMENT/TRANSFER DEBIT,Life and Clone Term Insurance ,Insurance ,-$898.32,"$480,786.09",Recurring
31813,06/21/2017,DEBIT PURCHASE,Metal Man designer pajamas,Clothing & Personal ,-$825.57,"$479,960.52",Occaisional
31815,06/22/2017,PAYMENT/TRANSFER DEBIT,Personal Trainer / Body Guard,Health & Fitness,"-$12,365.95","$467,594.57",Recurring
31816,06/23/2017,PAYMENT/TRANSFER DEBIT,Personal Stylist (part time) ,Clothing & Personal ,"-$5,361.32","$462,233.25",Recurring
31819,06/24/2017,PAYMENT/TRANSFER DEBIT,Personal Chef/Nutritionist,Food & Dining,"-$8,659.48","$453,573.77",Recurring
31818,06/24/2017,PAYMENT/TRANSFER DEBIT,Personal Concierge,Entertainment,"-$2,506.99","$451,066.78",Recurring
31821,06/25/2017,PAYMENT/TRANSFER DEBIT,Clone maintenance / Health Insurance,Insurance ,"-$2,305.21","$448,761.57",Recurring
31820,06/25/2017,PAYMENT/TRANSFER DEBIT,AI Machine Learning Loans,Loans,"-$16,350.32","$432,411.25",Recurring
31823,06/26/2017,PAYMENT/TRANSFER DEBIT,Personal Lawyer,Fees & Charges,"-$2,566.37","$429,844.88",Recurring
31822,06/28/2017,DEBIT PURCHASE," Roger waters-, Private Show",Entertainment,"-$25,006.35","$404,838.53",Occaisional
31825,06/30/2017,ATM WITHDRAWAL,7-11 ATM,Uncategorized,-$402.50,"$404,436.03",Occaisional
31827,07/01/2017,PAYMENT/TRANSFER DEBIT,Private Island Mortgage,Housing,"-$105,062.35","$299,373.68",Recurring
31828,07/02/2017,PAYMENT/TRANSFER DEBIT,Emergency Shuttle Standby,Auto & Transport,"-$10,056.87","$289,316.81",Recurring
31829,07/03/2017,PAYMENT/TRANSFER DEBIT,Universal Subway Pass,Auto & Transport,"-$2,846.87","$286,469.94",Recurring
31830,07/04/2017,PAYMENT/TRANSFER DEBIT,Turbo Yacht - Mooring Fees,Auto & Transport,"-$18,362.87","$268,107.07",Recurring
31834,07/05/2017,PAYMENT/TRANSFER DEBIT,Car Maintentance Service,Auto & Transport,"-$3,153.65","$264,953.42",Recurring
31833,07/05/2017,PAYMENT/TRANSFER DEBIT,Galaxy Express Plutonium Card,Fees & Charges,"-$85,013.32","$179,940.10",Recurring
31832,07/05/2017,DEBIT PURCHASE,Mars 2112,Food & Dining,-$521.31,"$179,418.79",Occaisional
101529,07/05/2017,Direct Deposit,Dance of Mole Men - The Album,Royalties,"$9,045.17","$188,463.96",Recurring
31836,07/06/2017,PAYMENT/TRANSFER DEBIT,Electric & Gas,Utilities,"-$7,156.95","$181,307.01",Recurring
31838,07/07/2017,PAYMENT/TRANSFER DEBIT,Secret Lab Insurance ,Insurance ,"-$1,352.02","$179,954.99",Recurring
31837,07/07/2017,PAYMENT/TRANSFER DEBIT,Private Island Volcano Insurance,Insurance ,"-$10,325.63","$169,629.36",Recurring
101567,07/07/2017,BALANCE TRANSER ,Savings Account,Transfer,"$70,000.00","$239,629.36",Recurring
31839,07/09/2017,DEBIT PURCHASE,Penthouse Rent/Timeshare,Housing,"-$10,500.52","$229,128.84",Recurring
31860,07/11/2017,ATM WITHDRAWAL,7-11 ATM,Uncategorized,-$402.50,"$228,726.34",Occaisional
31840,07/12/2017,PAYMENT/TRANSFER DEBIT,Personal Accountant,Fees & Charges,"-$8,062.88","$220,663.46",Recurring
31842,07/13/2017,DEBIT PURCHASE,NetPix On Demand Video,Entertainment,-$3.25,"$220,660.21",Occaisional
31841,07/13/2017,ATM WITHDRAWAL,Work Caffeteria ATM,Uncategorized,-$403.00,"$220,257.21",Occaisional
31831,07/13/2017,DEBIT PURCHASE,Ferrari Segway,Shopping,"-$5,032.86","$215,224.35",Occaisional
31859,07/14/2017,DEBIT PURCHASE,Black Hole Therapy,Health & Fitness,"-$21,005.50","$194,218.85",Occaisional
31844,07/14/2017,PAYMENT/TRANSFER DEBIT,Emergency Medical Wing Standby,Health & Fitness,"-$6,500.00","$187,718.85",Recurring
31845,07/15/2017,DEBIT PURCHASE,Personal Satellite Network ,Utilities,"-$30,026.35","$157,692.50",Recurring
101553,07/15/2017,DIRECT DEPOSIT,Trust Fund Stock,Dividends,"$716,492.01","$874,184.51",Recurring
31846,07/16/2017,DEBIT PURCHASE,Self Driving Unicycle Festival,Entertainment,"-$1,667.64","$872,516.87",Occaisional
101595,07/16/2017,BALANCE TRANSER ,Money Market,Transfer,"$50,000.00","$922,516.87",Recurring
31847,07/17/2017,DEBIT PURCHASE,Cannibalistic Sushi,Food & Dining,"-$1,352.74","$921,164.13",Occaisional
31843,07/20/2017,DEBIT PURCHASE,Taco Shack,Food & Dining,-$32.85,"$921,131.28",Occaisional
31852,07/21/2017,DEBIT PURCHASE,Hachikyo,Food & Dining,"-$1,789.98","$919,341.30",Occaisional
31849,07/21/2017,PAYMENT/TRANSFER DEBIT,Life and Clone Term Insurance ,Insurance ,-$898.32,"$918,442.98",Recurring
31848,07/21/2017,DEBIT PURCHASE,Invisible Neckties,Clothing & Personal ,-$955.11,"$917,487.87",Occaisional
31835,07/21/2017,DEBIT PURCHASE,Bowser Beer Brewery,Pets,"-$4,032.11","$913,455.76",Occaisional
31850,07/22/2017,PAYMENT/TRANSFER DEBIT,Personal Trainer / Body Guard,Health & Fitness,"-$12,365.95","$901,089.81",Recurring
31851,07/23/2017,PAYMENT/TRANSFER DEBIT,Personal Stylist (part time) ,Clothing & Personal ,"-$5,361.32","$895,728.49",Recurring
31854,07/24/2017,PAYMENT/TRANSFER DEBIT,Personal Chef/Nutritionist,Food & Dining,"-$8,659.48","$887,069.01",Recurring
31853,07/24/2017,PAYMENT/TRANSFER DEBIT,Personal Concierge,Entertainment,"-$2,506.99","$884,562.02",Recurring
31856,07/25/2017,PAYMENT/TRANSFER DEBIT,Clone maintenance / Health Insurance,Insurance ,"-$2,305.21","$882,256.81",Recurring
31855,07/25/2017,PAYMENT/TRANSFER DEBIT,AI Machine Learning Loans,Loans,"-$16,350.32","$865,906.49",Recurring
31858,07/26/2017,PAYMENT/TRANSFER DEBIT,Personal Lawyer,Fees & Charges,"-$2,566.37","$863,340.12",Recurring
31857,07/27/2017,DEBIT PURCHASE,"Pink, Private Show",Entertainment,"-$25,006.35","$838,333.77",Occaisional
31866,07/30/2017,DEBIT PURCHASE,5 Acres on the Moon,Shopping,-$150.23,"$838,183.54",Occaisional
31862,08/01/2017,PAYMENT/TRANSFER DEBIT,Private Island Mortgage,Housing,"-$105,062.35","$733,121.19",Recurring
31863,08/02/2017,PAYMENT/TRANSFER DEBIT,Emergency Shuttle Standby,Auto & Transport,"-$10,056.87","$723,064.32",Recurring
31864,08/03/2017,PAYMENT/TRANSFER DEBIT,Universal Subway Pass,Auto & Transport,"-$2,846.87","$720,217.45",Recurring
31876,08/04/2017,ATM WITHDRAWAL,Work Caffeteria ATM,Uncategorized,-$403.00,"$719,814.45",Occaisional
31865,08/04/2017,PAYMENT/TRANSFER DEBIT,Turbo Yacht - Mooring Fees,Auto & Transport,"-$18,362.87","$701,451.58",Recurring
31869,08/05/2017,PAYMENT/TRANSFER DEBIT,Car Maintentance Service,Auto & Transport,"-$3,153.65","$698,297.93",Recurring
31868,08/05/2017,PAYMENT/TRANSFER DEBIT,Galaxy Express Plutonium Card,Fees & Charges,"-$28,654.97","$669,642.96",Recurring
101530,08/05/2017,Direct Deposit,Dance of Mole Men - The Album,Royalties,"$10,155.14","$679,798.10",Recurring
31871,08/06/2017,PAYMENT/TRANSFER DEBIT,Electric & Gas,Utilities,"-$6,525.65","$673,272.45",Recurring
31873,08/07/2017,PAYMENT/TRANSFER DEBIT,Secret Lab Insurance ,Insurance ,"-$1,352.02","$671,920.43",Recurring
31872,08/07/2017,PAYMENT/TRANSFER DEBIT,Private Island Volcano Insurance,Insurance ,"-$10,325.63","$661,594.80",Recurring
31870,08/07/2017,DEBIT PURCHASE,Goldfish Walker,Pets,-$250.65,"$661,344.15",Occaisional
101568,08/07/2017,BALANCE TRANSER ,Savings Account,Transfer,"$70,000.00","$731,344.15",Recurring
31895,08/09/2017,ATM WITHDRAWAL,7-11 ATM,Uncategorized,-$402.50,"$730,941.65",Occaisional
31874,08/09/2017,DEBIT PURCHASE,Penthouse Rent/Timeshare,Housing,"-$10,500.52","$720,441.13",Recurring
31878,08/10/2017,DEBIT PURCHASE,Taco Shack,Food & Dining,-$210.85,"$720,230.28",Occaisional
31875,08/12/2017,PAYMENT/TRANSFER DEBIT,Personal Accountant,Fees & Charges,"-$8,062.88","$712,167.40",Recurring
31894,08/13/2017,DEBIT PURCHASE,Zero Gravity Yoga Training,Health & Fitness,"-$15,020.32","$697,147.08",Occaisional
31877,08/13/2017,DEBIT PURCHASE,NetPix On Demand Video,Entertainment,-$3.25,"$697,143.83",Occaisional
31879,08/14/2017,PAYMENT/TRANSFER DEBIT,Emergency Medical Wing Standby,Health & Fitness,"-$6,500.00","$690,643.83",Recurring
31880,08/15/2017,DEBIT PURCHASE,Personal Satellite Network ,Utilities,"-$30,026.35","$660,617.48",Recurring
101596,08/16/2017,BALANCE TRANSER ,Money Market,Transfer,"$50,000.00","$710,617.48",Recurring
31887,08/18/2017,DEBIT PURCHASE,Eternity,Food & Dining,-$428.36,"$710,189.12",Occaisional
31884,08/21/2017,PAYMENT/TRANSFER DEBIT,Life and Clone Term Insurance ,Insurance ,-$898.32,"$709,290.80",Recurring
31883,08/21/2017,DEBIT PURCHASE,Neurosurgeon Pedicure,Clothing & Personal ,"-$2,300.41","$706,990.39",Occaisional
31885,08/22/2017,PAYMENT/TRANSFER DEBIT,Personal Trainer / Body Guard,Health & Fitness,"-$12,365.95","$694,624.44",Recurring
31886,08/23/2017,PAYMENT/TRANSFER DEBIT,Personal Stylist (part time) ,Clothing & Personal ,"-$5,361.32","$689,263.12",Recurring
31889,08/24/2017,PAYMENT/TRANSFER DEBIT,Personal Chef/Nutritionist,Food & Dining,"-$8,659.48","$680,603.64",Recurring
31888,08/24/2017,PAYMENT/TRANSFER DEBIT,Personal Concierge,Entertainment,"-$2,506.99","$678,096.65",Recurring
31891,08/25/2017,PAYMENT/TRANSFER DEBIT,Clone maintenance / Health Insurance,Insurance ,"-$2,305.21","$675,791.44",Recurring
31890,08/25/2017,PAYMENT/TRANSFER DEBIT,AI Machine Learning Loans,Loans,"-$16,350.32","$659,441.12",Recurring
31893,08/26/2017,PAYMENT/TRANSFER DEBIT,Personal Lawyer,Fees & Charges,"-$2,566.37","$656,874.75",Recurring
31929,08/29/2017,DEBIT PURCHASE,Cocoon Therapy,Health & Fitness,"-$21,050.33","$635,824.42",Occaisional
31897,09/01/2017,PAYMENT/TRANSFER DEBIT,Private Island Mortgage,Housing,"-$105,062.35","$530,762.07",Recurring
31902,09/02/2017,DEBIT PURCHASE,Lucky Chengâ€™s,Food & Dining,-$37.57,"$530,724.50",Occaisional
31898,09/02/2017,PAYMENT/TRANSFER DEBIT,Emergency Shuttle Standby,Auto & Transport,"-$10,056.87","$520,667.63",Recurring
31899,09/03/2017,PAYMENT/TRANSFER DEBIT,Universal Subway Pass,Auto & Transport,"-$2,846.87","$517,820.76",Recurring
31901,09/04/2017,DEBIT PURCHASE,Closet Water Slide,Shopping,"-$25,365.32","$492,455.44",Occaisional
31900,09/04/2017,PAYMENT/TRANSFER DEBIT,Turbo Yacht - Mooring Fees,Auto & Transport,"-$18,362.87","$474,092.57",Recurring
31904,09/05/2017,PAYMENT/TRANSFER DEBIT,Car Maintentance Service,Auto & Transport,"-$3,153.65","$470,938.92",Recurring
31903,09/05/2017,PAYMENT/TRANSFER DEBIT,Galaxy Express Plutonium Card,Fees & Charges,"-$41,256.36","$429,682.56",Recurring
101531,09/05/2017,Direct Deposit,Dance of Mole Men - The Album,Royalties,"$11,265.11","$440,947.67",Recurring
31906,09/06/2017,PAYMENT/TRANSFER DEBIT,Electric & Gas,Utilities,"-$3,722.32","$437,225.35",Recurring
31908,09/07/2017,PAYMENT/TRANSFER DEBIT,Secret Lab Insurance ,Insurance ,"-$1,352.02","$435,873.33",Recurring
31907,09/07/2017,PAYMENT/TRANSFER DEBIT,Private Island Volcano Insurance,Insurance ,"-$10,325.63","$425,547.70",Recurring
101569,09/07/2017,BALANCE TRANSER ,Savings Account,Transfer,"$70,000.00","$495,547.70",Recurring
31909,09/09/2017,DEBIT PURCHASE,Penthouse Rent/Timeshare,Housing,"-$10,500.52","$485,047.18",Recurring
31905,09/09/2017,DEBIT PURCHASE,Cloning service for Mervin,Pets,"-$35,032.89","$450,014.29",Occaisional
31910,09/12/2017,PAYMENT/TRANSFER DEBIT,Personal Accountant,Fees & Charges,"-$8,062.88","$441,951.41",Recurring
31927,09/13/2017,DEBIT PURCHASE,Incredibles 3,Entertainment,"-$6,356.32","$435,595.09",Occaisional
31912,09/13/2017,DEBIT PURCHASE,NetPix On Demand Video,Entertainment,-$3.25,"$435,591.84",Occaisional
31914,09/14/2017,PAYMENT/TRANSFER DEBIT,Emergency Medical Wing Standby,Health & Fitness,"-$6,500.00","$429,091.84",Recurring
31911,09/14/2017,ATM WITHDRAWAL,Work Caffeteria ATM,Uncategorized,-$403.00,"$428,688.84",Occaisional
31922,09/15/2017,DEBIT PURCHASE,Palms Thai,Food & Dining,-$694.85,"$427,993.99",Occaisional
31915,09/15/2017,DEBIT PURCHASE,Personal Satellite Network ,Utilities,"-$30,026.35","$397,967.64",Recurring
31930,09/16/2017,ATM WITHDRAWAL,7-11 ATM,Uncategorized,-$402.50,"$397,565.14",Occaisional
31916,09/16/2017,DEBIT PURCHASE,Elvis Festival,Entertainment,"-$6,523.85","$391,041.29",Occaisional
101597,09/16/2017,BALANCE TRANSER ,Money Market,Transfer,"$50,000.00","$441,041.29",Recurring
31913,09/17/2017,DEBIT PURCHASE,Taco Shack,Food & Dining,-$85.63,"$440,955.66",Occaisional
31919,09/21/2017,PAYMENT/TRANSFER DEBIT,Life and Clone Term Insurance ,Insurance ,-$898.32,"$440,057.34",Recurring
31918,09/21/2017,DEBIT PURCHASE,"50,000 Monogramed Baseball Caps",Clothing & Personal ,"-$17,699.52","$422,357.82",Occaisional
31920,09/22/2017,PAYMENT/TRANSFER DEBIT,Personal Trainer / Body Guard,Health & Fitness,"-$12,365.95","$409,991.87",Recurring
31917,09/22/2017,DEBIT PURCHASE,Terry Bison Ranch,Food & Dining,-$985.41,"$409,006.46",Occaisional
31921,09/23/2017,PAYMENT/TRANSFER DEBIT,Personal Stylist (part time) ,Clothing & Personal ,"-$5,361.32","$403,645.14",Recurring
31924,09/24/2017,PAYMENT/TRANSFER DEBIT,Personal Chef/Nutritionist,Food & Dining,"-$8,659.48","$394,985.66",Recurring
31923,09/24/2017,PAYMENT/TRANSFER DEBIT,Personal Concierge,Entertainment,"-$2,506.99","$392,478.67",Recurring
31926,09/25/2017,PAYMENT/TRANSFER DEBIT,Clone maintenance / Health Insurance,Insurance ,"-$2,305.21","$390,173.46",Recurring
31925,09/25/2017,PAYMENT/TRANSFER DEBIT,AI Machine Learning Loans,Loans,"-$16,350.32","$373,823.14",Recurring
31928,09/26/2017,PAYMENT/TRANSFER DEBIT,Personal Lawyer,Fees & Charges,"-$2,566.37","$371,256.77",Recurring
31937,10/01/2017,DEBIT PURCHASE,Bubba Gump Shrimp Co.,Food & Dining,-$123.54,"$371,133.23",Occaisional
31932,10/01/2017,PAYMENT/TRANSFER DEBIT,Private Island Mortgage,Housing,"-$105,062.35","$266,070.88",Recurring
31933,10/02/2017,PAYMENT/TRANSFER DEBIT,Emergency Shuttle Standby,Auto & Transport,"-$10,056.87","$256,014.01",Recurring
31934,10/03/2017,PAYMENT/TRANSFER DEBIT,Universal Subway Pass,Auto & Transport,"-$2,846.87","$253,167.14",Recurring
31935,10/04/2017,PAYMENT/TRANSFER DEBIT,Turbo Yacht - Mooring Fees,Auto & Transport,"-$18,362.87","$234,804.27",Recurring
31940,10/05/2017,DEBIT PURCHASE,Bow-Lingual Dog Translator ,Pets,-$356.65,"$234,447.62",Occaisional
31939,10/05/2017,PAYMENT/TRANSFER DEBIT,Car Maintentance Service,Auto & Transport,"-$3,153.65","$231,293.97",Recurring
31938,10/05/2017,PAYMENT/TRANSFER DEBIT,Galaxy Express Plutonium Card,Fees & Charges,"-$13,095.87","$218,198.10",Recurring
101532,10/05/2017,Direct Deposit,Dance of Mole Men - The Album,Royalties,"$12,375.08","$230,573.18",Recurring
31941,10/06/2017,PAYMENT/TRANSFER DEBIT,Electric & Gas,Utilities,"-$5,231.65","$225,341.53",Recurring
31943,10/07/2017,PAYMENT/TRANSFER DEBIT,Secret Lab Insurance ,Insurance ,"-$1,352.02","$223,989.51",Recurring
31942,10/07/2017,PAYMENT/TRANSFER DEBIT,Private Island Volcano Insurance,Insurance ,"-$10,325.63","$213,663.88",Recurring
101570,10/07/2017,BALANCE TRANSER ,Savings Account,Transfer,"$70,000.00","$283,663.88",Recurring
31944,10/09/2017,DEBIT PURCHASE,Penthouse Rent/Timeshare,Housing,"-$10,500.52","$273,163.36",Recurring
31952,10/10/2017,DEBIT PURCHASE,Beetle House NYC,Food & Dining,-$125.65,"$273,037.71",Occaisional
31946,10/12/2017,ATM WITHDRAWAL,Work Caffeteria ATM,Uncategorized,-$403.00,"$272,634.71",Occaisional
31945,10/12/2017,PAYMENT/TRANSFER DEBIT,Personal Accountant,Fees & Charges,"-$8,062.88","$264,571.83",Recurring
31947,10/13/2017,DEBIT PURCHASE,NetPix On Demand Video,Entertainment,-$3.25,"$264,568.58",Occaisional
31949,10/14/2017,PAYMENT/TRANSFER DEBIT,Emergency Medical Wing Standby,Health & Fitness,"-$6,500.00","$258,068.58",Recurring
31950,10/15/2017,DEBIT PURCHASE,Personal Satellite Network ,Utilities,"-$30,026.35","$228,042.23",Recurring
101554,10/15/2017,DIRECT DEPOSIT,Trust Fund Stock,Dividends,"$696,452.01","$924,494.24",Recurring
31951,10/16/2017,DEBIT PURCHASE,Belgian Grand Prix Pit Pass,Entertainment,"-$7,925.65","$916,568.59",Occaisional
101598,10/16/2017,BALANCE TRANSER ,Money Market,Transfer,"$50,000.00","$966,568.59",Recurring
31957,10/20/2017,DEBIT PURCHASE,Parallax Restaurant,Food & Dining,-$781.52,"$965,787.07",Occaisional
31954,10/21/2017,PAYMENT/TRANSFER DEBIT,Life and Clone Term Insurance ,Insurance ,-$898.32,"$964,888.75",Recurring
31953,10/21/2017,DEBIT PURCHASE,Titanium Toe Boots,Clothing & Personal ,"-$4,625.32","$960,263.43",Occaisional
31955,10/22/2017,PAYMENT/TRANSFER DEBIT,Personal Trainer / Body Guard,Health & Fitness,"-$12,365.95","$947,897.48",Recurring
31948,10/22/2017,DEBIT PURCHASE,Taco Shack,Food & Dining,-$64.85,"$947,832.63",Occaisional
31956,10/23/2017,PAYMENT/TRANSFER DEBIT,Personal Stylist (part time) ,Clothing & Personal ,"-$5,361.32","$942,471.31",Recurring
31959,10/24/2017,PAYMENT/TRANSFER DEBIT,Personal Chef/Nutritionist,Food & Dining,"-$8,659.48","$933,811.83",Recurring
31958,10/24/2017,PAYMENT/TRANSFER DEBIT,Personal Concierge,Entertainment,"-$2,506.99","$931,304.84",Recurring
31961,10/25/2017,PAYMENT/TRANSFER DEBIT,Clone maintenance / Health Insurance,Insurance ,"-$2,305.21","$928,999.63",Recurring
31960,10/25/2017,PAYMENT/TRANSFER DEBIT,AI Machine Learning Loans,Loans,"-$16,350.32","$912,649.31",Recurring
31963,10/26/2017,PAYMENT/TRANSFER DEBIT,Personal Lawyer,Fees & Charges,"-$2,566.37","$910,082.94",Recurring
31962,10/26/2017,DEBIT PURCHASE,Halloween Party,Entertainment,"-$65,888.25","$844,194.69",Occaisional
31936,10/26/2017,DEBIT PURCHASE,Zero Gravity Roomba,Shopping,"-$5,032.86","$839,161.83",Occaisional
31965,10/29/2017,ATM WITHDRAWAL,7-11 ATM,Uncategorized,-$402.50,"$838,759.33",Occaisional
31967,11/01/2017,PAYMENT/TRANSFER DEBIT,Private Island Mortgage,Housing,"-$105,062.35","$733,696.98",Recurring
31968,11/02/2017,PAYMENT/TRANSFER DEBIT,Emergency Shuttle Standby,Auto & Transport,"-$10,056.87","$723,640.11",Recurring
31981,11/3/2017,ATM WITHDRAWAL,Work Caffeteria ATM,Uncategorized,-$403.00,"$723,237.11",Occaisional
31969,11/03/2017,PAYMENT/TRANSFER DEBIT,Universal Subway Pass,Auto & Transport,"-$2,846.87","$720,390.24",Recurring
31992,11/4/2017,DEBIT PURCHASE,Tonga Room,Food & Dining,-$674.36,"$719,715.88",Occaisional
31970,11/04/2017,PAYMENT/TRANSFER DEBIT,Turbo Yacht - Mooring Fees,Auto & Transport,"-$18,362.87","$701,353.01",Recurring
31974,11/05/2017,PAYMENT/TRANSFER DEBIT,Car Maintentance Service,Auto & Transport,"-$3,153.65","$698,199.36",Recurring
31973,11/05/2017,PAYMENT/TRANSFER DEBIT,Galaxy Express Plutonium Card,Fees & Charges,"-$11,124.25","$687,075.11",Recurring
101533,11/05/2017,Direct Deposit,Dance of Mole Men - The Album,Royalties,"$13,485.05","$700,560.16",Recurring
31976,11/06/2017,PAYMENT/TRANSFER DEBIT,Electric & Gas,Utilities,"-$5,231.65","$695,328.51",Recurring
31987,11/7/2017,DEBIT PURCHASE,A380 In-Flight Kitchen,Food & Dining,"-$8,642.31","$686,686.20",Occaisional
31978,11/07/2017,PAYMENT/TRANSFER DEBIT,Secret Lab Insurance ,Insurance ,"-$1,352.02","$685,334.18",Recurring
31977,11/07/2017,PAYMENT/TRANSFER DEBIT,Private Island Volcano Insurance,Insurance ,"-$10,325.63","$675,008.55",Recurring
101571,11/07/2017,BALANCE TRANSER ,Savings Account,Transfer,"$70,000.00","$745,008.55",Recurring
31979,11/09/2017,DEBIT PURCHASE,Penthouse Rent/Timeshare,Housing,"-$10,500.52","$734,508.03",Recurring
31983,11/11/2017,DEBIT PURCHASE,Taco Shack,Food & Dining,-$54.32,"$734,453.71",Occaisional
31980,11/12/2017,PAYMENT/TRANSFER DEBIT,Personal Accountant,Fees & Charges,"-$8,062.88","$726,390.83",Recurring
31999,11/13/2017,DEBIT PURCHASE,Badminton at Baden Baden,Health & Fitness,"-$1,065.59","$725,325.24",Occaisional
31982,11/13/2017,DEBIT PURCHASE,NetPix On Demand Video,Entertainment,-$3.25,"$725,321.99",Occaisional
31984,11/14/2017,PAYMENT/TRANSFER DEBIT,Emergency Medical Wing Standby,Health & Fitness,"-$6,500.00","$718,821.99",Recurring
31985,11/15/2017,DEBIT PURCHASE,Personal Satellite Network ,Utilities,"-$30,026.35","$688,795.64",Recurring
31986,11/16/2017,DEBIT PURCHASE,UK Driving Lessons,Entertainment,-$453.21,"$688,342.43",Occaisional
31975,11/16/2017,DEBIT PURCHASE,Dawgs Mix Tape,Pets,-$320.55,"$688,021.88",Occaisional
101599,11/16/2017,BALANCE TRANSER ,Money Market,Transfer,"$50,000.00","$738,021.88",Recurring
31989,11/21/2017,PAYMENT/TRANSFER DEBIT,Life and Clone Term Insurance ,Insurance ,-$898.32,"$737,123.56",Recurring
31988,11/21/2017,DEBIT PURCHASE,Designer Headset,Clothing & Personal ,-$325.62,"$736,797.94",Occaisional
31990,11/22/2017,PAYMENT/TRANSFER DEBIT,Personal Trainer / Body Guard,Health & Fitness,"-$12,365.95","$724,431.99",Recurring
31991,11/23/2017,PAYMENT/TRANSFER DEBIT,Personal Stylist (part time) ,Clothing & Personal ,"-$5,361.32","$719,070.67",Recurring
31994,11/24/2017,PAYMENT/TRANSFER DEBIT,Personal Chef/Nutritionist,Food & Dining,"-$8,659.48","$710,411.19",Recurring
31993,11/24/2017,PAYMENT/TRANSFER DEBIT,Personal Concierge,Entertainment,"-$2,506.99","$707,904.20",Recurring
31997,11/25/2017,DEBIT PURCHASE,Avengers: Infinity War Live,Entertainment,"-$5,698.32","$702,205.88",Occaisional
31996,11/25/2017,PAYMENT/TRANSFER DEBIT,Clone maintenance / Health Insurance,Insurance ,"-$2,305.21","$699,900.67",Recurring
31995,11/25/2017,PAYMENT/TRANSFER DEBIT,AI Machine Learning Loans,Loans,"-$16,350.32","$683,550.35",Recurring
31972,11/25/2017,DEBIT PURCHASE,The Singapore Flyer,Food & Dining,-$369.21,"$683,181.14",Occaisional
31998,11/26/2017,PAYMENT/TRANSFER DEBIT,Personal Lawyer,Fees & Charges,"-$2,566.37","$680,614.77",Recurring
32000,11/29/2017,ATM WITHDRAWAL,7-11 ATM,Uncategorized,-$402.50,"$680,212.27",Occaisional
31971,11/29/2017,DEBIT PURCHASE,Jewelry Safe/Humidor,Shopping,"-$120,623.01","$559,589.26",Occaisional
32002,12/01/2017,PAYMENT/TRANSFER DEBIT,Private Island Mortgage,Housing,"-$105,062.35","$454,526.91",Recurring
32003,12/02/2017,PAYMENT/TRANSFER DEBIT,Emergency Shuttle Standby,Auto & Transport,"-$10,056.87","$444,470.04",Recurring
32027,12/3/2017,DEBIT PURCHASE,Dinner in the Sky,Food & Dining,-$287.66,"$444,182.38",Occaisional
32004,12/03/2017,PAYMENT/TRANSFER DEBIT,Universal Subway Pass,Auto & Transport,"-$2,846.87","$441,335.51",Recurring
32005,12/04/2017,PAYMENT/TRANSFER DEBIT,Turbo Yacht - Mooring Fees,Auto & Transport,"-$25,362.87","$415,972.64",Recurring
32009,12/05/2017,PAYMENT/TRANSFER DEBIT,Car Maintentance Service,Auto & Transport,"-$3,153.65","$412,818.99",Recurring
32008,12/05/2017,PAYMENT/TRANSFER DEBIT,Galaxy Express Plutonium Card,Fees & Charges,"-$23,658.95","$389,160.04",Recurring
101534,12/05/2017,Direct Deposit,Dance of Mole Men - The Album,Royalties,"$14,595.02","$403,755.06",Recurring
32011,12/06/2017,PAYMENT/TRANSFER DEBIT,Electric & Gas,Utilities,"-$5,231.65","$398,523.41",Recurring
32022,12/7/2017,DEBIT PURCHASE,Steam Plant,Food & Dining,-$289.11,"$398,234.30",Occaisional
32013,12/07/2017,PAYMENT/TRANSFER DEBIT,Secret Lab Insurance ,Insurance ,"-$1,352.02","$396,882.28",Recurring
32012,12/07/2017,PAYMENT/TRANSFER DEBIT,Private Island Volcano Insurance,Insurance ,"-$10,325.63","$386,556.65",Recurring
101572,12/07/2017,BALANCE TRANSER ,Savings Account,Transfer,"$70,000.00","$456,556.65",Recurring
32014,12/09/2017,DEBIT PURCHASE,Penthouse Rent/Timeshare,Housing,"-$10,500.52","$446,056.13",Recurring
32015,12/12/2017,PAYMENT/TRANSFER DEBIT,Personal Accountant,Fees & Charges,"-$8,062.88","$437,993.25",Recurring
32017,12/13/2017,DEBIT PURCHASE,NetPix On Demand Video,Entertainment,-$3.25,"$437,990.00",Occaisional
32019,12/14/2017,PAYMENT/TRANSFER DEBIT,Emergency Medical Wing Standby,Health & Fitness,"-$6,500.00","$431,490.00",Recurring
32020,12/15/2017,DEBIT PURCHASE,Personal Satellite Network ,Utilities,"-$30,026.35","$401,463.65",Recurring
32006,12/15/2017,DEBIT PURCHASE,Modern Glass Pool Table,Shopping,"-$73,032.86","$328,430.79",Occaisional
32034,12/16/2017,DEBIT PURCHASE,Zero Gravity Yoga Training,Health & Fitness,"-$15,020.32","$313,410.47",Occaisional
32021,12/16/2017,DEBIT PURCHASE,Burning Man Season Pass,Entertainment,"-$5,888.35","$307,522.12",Occaisional
32018,12/16/2017,DEBIT PURCHASE,Taco Shack,Food & Dining,-$685.65,"$306,836.47",Occaisional
101600,12/16/2017,BALANCE TRANSER ,Money Market,Transfer,"$50,000.00","$356,836.47",Recurring
32035,12/18/2017,ATM WITHDRAWAL,7-11 ATM,Uncategorized,-$402.50,"$356,433.97",Occaisional
32010,12/18/2017,DEBIT PURCHASE,Dog Blazer ,Pets,-$758.23,"$355,675.74",Occaisional
32016,12/20/2017,ATM WITHDRAWAL,Work Caffeteria ATM,Uncategorized,-$403.00,"$355,272.74",Occaisional
32024,12/21/2017,PAYMENT/TRANSFER DEBIT,Life and Clone Term Insurance ,Insurance ,-$898.32,"$354,374.42",Recurring
32023,12/21/2017,DEBIT PURCHASE,Spider Silk Scarf,Clothing & Personal ,-$652.99,"$353,721.43",Occaisional
32025,12/22/2017,PAYMENT/TRANSFER DEBIT,Personal Trainer / Body Guard,Health & Fitness,"-$12,365.95","$341,355.48",Recurring
32007,12/22/2017,DEBIT PURCHASE,Hajime Robot Restaurant,Food & Dining,-$387.96,"$340,967.52",Occaisional
32026,12/23/2017,PAYMENT/TRANSFER DEBIT,Personal Stylist (part time) ,Clothing & Personal ,"-$5,361.32","$335,606.20",Recurring
32032,12/24/2017,DEBIT PURCHASE,"Paul McCartney, Private Show",Entertainment,"-$25,006.35","$310,599.85",Occaisional
32029,12/24/2017,PAYMENT/TRANSFER DEBIT,Personal Chef/Nutritionist,Food & Dining,"-$8,659.48","$301,940.37",Recurring
32028,12/24/2017,PAYMENT/TRANSFER DEBIT,Personal Concierge,Entertainment,"-$2,506.99","$299,433.38",Recurring
32031,12/25/2017,PAYMENT/TRANSFER DEBIT,Clone maintenance / Health Insurance,Insurance ,"-$2,305.21","$297,128.17",Recurring
32030,12/25/2017,PAYMENT/TRANSFER DEBIT,AI Machine Learning Loans,Loans,"-$16,350.32","$280,777.85",Recurring
32033,12/26/2017,PAYMENT/TRANSFER DEBIT,Personal Lawyer,Fees & Charges,"-$2,566.37","$278,211.48",Recurring
32037,01/01/2018,PAYMENT/TRANSFER DEBIT,Private Island Mortgage,Housing,"-$103,015.35","$175,196.13",Recurring
32042,01/02/2018,DEBIT PURCHASE,Twin Stars,Food & Dining,"-$6,369.36","$168,826.77",Occaisional
32038,01/02/2018,PAYMENT/TRANSFER DEBIT,Emergency Shuttle Standby,Auto & Transport,"-$11,157.87","$157,668.90",Recurring
32041,01/03/2018,PAYMENT/TRANSFER DEBIT,Universal Subway Pass,Auto & Transport,"-$2,552.26","$155,116.64",Recurring
32062,01/04/2018,DEBIT PURCHASE,The Airplane Restaurant,Food & Dining,-$367.65,"$154,748.99",Occaisional
32043,01/04/2018,PAYMENT/TRANSFER DEBIT,Turbo Yacht - Mooring Fees,Auto & Transport,"-$25,362.87","$129,386.12",Recurring
32045,01/05/2018,PAYMENT/TRANSFER DEBIT,Car Maintentance Service,Auto & Transport,"-$2,241.12","$127,145.00",Recurring
32044,01/05/2018,PAYMENT/TRANSFER DEBIT,Galaxy Express Plutonium Card,Fees & Charges,"-$64,589.24","$62,555.76",Recurring
101535,01/05/2018,Direct Deposit,Dance of Mole Men - The Album,Royalties,"$15,704.99","$78,260.75",Recurring
32067,01/06/2018,DEBIT PURCHASE,"Eagles , Private Show",Entertainment,"-$25,006.35","$53,254.40",Occaisional
32046,01/06/2018,PAYMENT/TRANSFER DEBIT,Electric & Gas,Utilities,"-$5,231.65","$48,022.75",Recurring
32048,01/07/2018,PAYMENT/TRANSFER DEBIT,Secret Lab Insurance ,Insurance ,"-$1,352.02","$46,670.73",Recurring
32047,01/07/2018,PAYMENT/TRANSFER DEBIT,Private Island Volcano Insurance,Insurance ,"-$10,325.63","$36,345.10",Recurring
101573,01/07/2018,BALANCE TRANSER ,Savings Account,Transfer,"$70,000.00","$106,345.10",Recurring
5101,01/08/2018,BALANCE TRANSER ,Emergency Account,Transfer,"$25,000.00","$131,345.10",Occaisional
32049,01/09/2018,DEBIT PURCHASE,Penthouse Rent/Timeshare,Housing,"-$10,500.52","$120,844.58",Recurring
32050,01/12/2018,PAYMENT/TRANSFER DEBIT,Personal Accountant,Fees & Charges,"-$8,062.88","$112,781.70",Recurring
32052,01/13/2018,DEBIT PURCHASE,NetPix On Demand Video,Entertainment,-$3.25,"$112,778.45",Occaisional
32054,01/14/2018,PAYMENT/TRANSFER DEBIT,Emergency Medical Wing Standby,Health & Fitness,"-$6,500.00","$106,278.45",Recurring
32055,01/15/2018,DEBIT PURCHASE,Personal Satellite Network ,Utilities,"-$30,026.35","$76,252.10",Recurring
101555,01/15/2018,DIRECT DEPOSIT,Trust Fund Stock,Dividends,"$676,412.01","$752,664.11",Recurring
32056,01/16/2018,DEBIT PURCHASE,Tango Lessons,Entertainment,"-$1,235.46","$751,428.65",Occaisional
101601,01/16/2018,BALANCE TRANSER ,Money Market,Transfer,"$50,000.00","$801,428.65",Recurring
32070,01/17/2018,ATM WITHDRAWAL,7-11 ATM,Uncategorized,-$402.50,"$801,026.15",Occaisional
32059,01/21/2018,PAYMENT/TRANSFER DEBIT,Life and Clone Term Insurance ,Insurance ,-$898.32,"$800,127.83",Recurring
32058,01/21/2018,DEBIT PURCHASE,Regular Human Clothes,Clothing & Personal ,"-$1,112.52","$799,015.31",Occaisional
32060,01/22/2018,PAYMENT/TRANSFER DEBIT,Personal Trainer / Body Guard,Health & Fitness,"-$12,365.95","$786,649.36",Recurring
32061,01/23/2018,PAYMENT/TRANSFER DEBIT,Personal Stylist (part time) ,Clothing & Personal ,"-$5,361.32","$781,288.04",Recurring
32064,01/24/2018,PAYMENT/TRANSFER DEBIT,Personal Chef/Nutritionist,Food & Dining,"-$8,659.48","$772,628.56",Recurring
32063,01/24/2018,PAYMENT/TRANSFER DEBIT,Personal Concierge,Entertainment,"-$2,506.99","$770,121.57",Recurring
32051,01/24/2018,ATM WITHDRAWAL,Work Caffeteria ATM,Uncategorized,-$403.00,"$769,718.57",Occaisional
32066,01/25/2018,PAYMENT/TRANSFER DEBIT,Clone maintenance / Health Insurance,Insurance ,"-$2,305.21","$767,413.36",Recurring
32065,01/25/2018,PAYMENT/TRANSFER DEBIT,AI Machine Learning Loans,Loans,"-$14,030.25","$753,383.11",Recurring
32069,01/26/2018,DEBIT PURCHASE,Champagn Spa ,Health & Fitness,"-$6,398.58","$746,984.53",Occaisional
32068,01/26/2018,PAYMENT/TRANSFER DEBIT,Personal Lawyer,Fees & Charges,"-$2,566.37","$744,418.16",Recurring
32053,01/27/2018,DEBIT PURCHASE,Taco Shack,Food & Dining,-$128.87,"$744,289.29",Occaisional
32057,01/30/2018,DEBIT PURCHASE,Kinderkookkafe,Food & Dining,-$541.87,"$743,747.42",Occaisional
32040,01/30/2018,DEBIT PURCHASE,Neuticles,Pets,"-$3,564.21","$740,183.21",Occaisional
32072,02/01/2018,PAYMENT/TRANSFER DEBIT,Private Island Mortgage,Housing,"-$103,015.35","$637,167.86",Recurring
32071,02/01/2018,PAYMENT/TRANSFER DEBIT,Secret Lab Mortage,Housing,"-$30,256.38","$606,911.48",Recurring
32073,02/02/2018,PAYMENT/TRANSFER DEBIT,Emergency Shuttle Standby,Auto & Transport,"-$11,157.87","$595,753.61",Recurring
32076,02/03/2018,PAYMENT/TRANSFER DEBIT,Universal Subway Pass,Auto & Transport,"-$2,552.26","$593,201.35",Recurring
32103,02/04/2018,DEBIT PURCHASE,"Cirque du Soleil , Private Show",Entertainment,"-$18,365.32","$574,836.03",Occaisional
32078,02/04/2018,PAYMENT/TRANSFER DEBIT,Turbo Yacht - Mooring Fees,Auto & Transport,"-$25,362.87","$549,473.16",Recurring
32092,02/05/2018,ATM WITHDRAWAL,7-11 ATM,Uncategorized,-$402.50,"$549,070.66",Occaisional
32080,02/05/2018,PAYMENT/TRANSFER DEBIT,Car Maintentance Service,Auto & Transport,"-$2,241.12","$546,829.54",Recurring
32079,02/05/2018,PAYMENT/TRANSFER DEBIT,Galaxy Express Plutonium Card,Fees & Charges,"-$21,684.25","$525,145.29",Recurring
101536,02/05/2018,Direct Deposit,Dance of Mole Men - The Album,Royalties,"$16,814.96","$541,960.25",Recurring
32086,02/06/2018,ATM WITHDRAWAL,Work Caffeteria ATM,Uncategorized,-$403.00,"$541,557.25",Occaisional
32081,02/06/2018,PAYMENT/TRANSFER DEBIT,Electric & Gas,Utilities,"-$5,231.65","$536,325.60",Recurring
32083,02/07/2018,PAYMENT/TRANSFER DEBIT,Secret Lab Insurance ,Insurance ,"-$1,352.02","$534,973.58",Recurring
32082,02/07/2018,PAYMENT/TRANSFER DEBIT,Private Island Volcano Insurance,Insurance ,"-$10,325.63","$524,647.95",Recurring
101574,02/07/2018,BALANCE TRANSER ,Savings Account,Transfer,"$70,000.00","$594,647.95",Recurring
32088,02/08/2018,DEBIT PURCHASE,Taco Shack,Food & Dining,-$554.12,"$594,093.83",Occaisional
32084,02/09/2018,DEBIT PURCHASE,Penthouse Rent/Timeshare,Housing,"-$10,500.52","$583,593.31",Recurring
32098,02/12/2018,DEBIT PURCHASE,The Varsity Downtown,Food & Dining,-$77.69,"$583,515.62",Occaisional
32085,02/12/2018,PAYMENT/TRANSFER DEBIT,Personal Accountant,Fees & Charges,"-$6,536.25","$576,979.37",Recurring
32077,02/12/2018,DEBIT PURCHASE,Cliftonâ€™s Cafeteria,Food & Dining,-$689.58,"$576,289.79",Occaisional
32074,02/12/2018,DEBIT PURCHASE,Robby The Robot ,Shopping,"-$20,321.58","$555,968.21",Occaisional
32087,02/13/2018,DEBIT PURCHASE,NetPix On Demand Video,Entertainment,-$3.25,"$555,964.96",Occaisional
32089,02/14/2018,PAYMENT/TRANSFER DEBIT,Emergency Medical Wing Standby,Health & Fitness,"-$6,500.00","$549,464.96",Recurring
32090,02/15/2018,DEBIT PURCHASE,Personal Satellite Network ,Utilities,"-$30,026.35","$519,438.61",Recurring
32075,02/15/2018,DEBIT PURCHASE,Pet Peek Fence Windows,Pets,"-$6,502.11","$512,936.50",Occaisional
32091,02/16/2018,DEBIT PURCHASE,Beach Rental,Entertainment,"-$15,666.61","$497,269.89",Occaisional
101602,02/16/2018,BALANCE TRANSER ,Money Market,Transfer,"$50,000.00","$547,269.89",Recurring
32105,02/19/2018,DEBIT PURCHASE,Annual Cyber Diagnostic Checkup,Health & Fitness,"-$5,703.65","$541,566.24",Occaisional
32095,02/21/2018,PAYMENT/TRANSFER DEBIT,Life and Clone Term Insurance ,Insurance ,-$898.32,"$540,667.92",Recurring
32094,02/21/2018,DEBIT PURCHASE,Spacesuit Dry Cleaning,Clothing & Personal ,"-$1,605.23","$539,062.69",Occaisional
32096,02/22/2018,PAYMENT/TRANSFER DEBIT,Personal Trainer / Body Guard,Health & Fitness,"-$12,365.95","$526,696.74",Recurring
32097,02/23/2018,PAYMENT/TRANSFER DEBIT,Personal Stylist (part time) ,Clothing & Personal ,"-$5,361.32","$521,335.42",Recurring
32100,02/24/2018,PAYMENT/TRANSFER DEBIT,Personal Chef/Nutritionist,Food & Dining,"-$8,659.48","$512,675.94",Recurring
32099,02/24/2018,PAYMENT/TRANSFER DEBIT,Personal Concierge,Entertainment,"-$2,506.99","$510,168.95",Recurring
32102,02/25/2018,PAYMENT/TRANSFER DEBIT,Clone maintenance / Health Insurance,Insurance ,"-$2,305.21","$507,863.74",Recurring
32101,02/25/2018,PAYMENT/TRANSFER DEBIT,AI Machine Learning Loans,Loans,"-$14,030.25","$493,833.49",Recurring
32104,02/26/2018,PAYMENT/TRANSFER DEBIT,Personal Lawyer,Fees & Charges,"-$2,566.37","$491,267.12",Recurring
32107,03/01/2018,PAYMENT/TRANSFER DEBIT,Private Island Mortgage,Housing,"-$103,015.35","$388,251.77",Recurring
32106,03/01/2018,PAYMENT/TRANSFER DEBIT,Secret Lab Mortage,Housing,"-$30,256.38","$357,995.39",Recurring
32127,03/02/2018,DEBIT PURCHASE,Forbes Island,Food & Dining,"-$3,206.68","$354,788.71",Occaisional
32108,03/02/2018,PAYMENT/TRANSFER DEBIT,Emergency Shuttle Standby,Auto & Transport,"-$11,157.87","$343,630.84",Recurring
32111,03/03/2018,PAYMENT/TRANSFER DEBIT,Universal Subway Pass,Auto & Transport,"-$2,552.26","$341,078.58",Recurring
32113,03/04/2018,PAYMENT/TRANSFER DEBIT,Turbo Yacht - Mooring Fees,Auto & Transport,"-$25,362.87","$315,715.71",Recurring
32115,03/05/2018,PAYMENT/TRANSFER DEBIT,Car Maintentance Service,Auto & Transport,"-$2,241.12","$313,474.59",Recurring
32114,03/05/2018,PAYMENT/TRANSFER DEBIT,Galaxy Express Plutonium Card,Fees & Charges,"-$56,825.35","$256,649.24",Recurring
101537,03/05/2018,Direct Deposit,Dance of Mole Men - The Album,Royalties,"$17,924.93","$274,574.17",Recurring
32116,03/06/2018,PAYMENT/TRANSFER DEBIT,Electric & Gas,Utilities,"-$5,231.65","$269,342.52",Recurring
32118,03/07/2018,PAYMENT/TRANSFER DEBIT,Secret Lab Insurance ,Insurance ,"-$1,352.02","$267,990.50",Recurring
32117,03/07/2018,PAYMENT/TRANSFER DEBIT,Private Island Volcano Insurance,Insurance ,"-$10,325.63","$257,664.87",Recurring
101575,03/07/2018,BALANCE TRANSER ,Savings Account,Transfer,"$70,000.00","$327,664.87",Recurring
32119,03/09/2018,DEBIT PURCHASE,Penthouse Rent/Timeshare,Housing,"-$10,500.52","$317,164.35",Recurring
32137,03/10/2018,DEBIT PURCHASE,"Black Panther , Private Show",Entertainment,"-$3,526.25","$313,638.10",Occaisional
32132,03/11/2018,DEBIT PURCHASE,Perlan,Food & Dining,-$85.63,"$313,552.47",Occaisional
32121,03/11/2018,ATM WITHDRAWAL,Work Caffeteria ATM,Uncategorized,-$403.00,"$313,149.47",Occaisional
32120,03/12/2018,PAYMENT/TRANSFER DEBIT,Personal Accountant,Fees & Charges,"-$6,536.25","$306,613.22",Recurring
32122,03/13/2018,DEBIT PURCHASE,NetPix On Demand Video,Entertainment,-$3.25,"$306,609.97",Occaisional
32110,03/13/2018,DEBIT PURCHASE,Burger Pillows,Pets,-$85.11,"$306,524.86",Occaisional
32124,03/14/2018,PAYMENT/TRANSFER DEBIT,Emergency Medical Wing Standby,Health & Fitness,"-$6,500.00","$300,024.86",Recurring
32109,03/14/2018,DEBIT PURCHASE,Bat Golf Cart,Shopping,"-$23,056.78","$276,968.08",Occaisional
32125,03/15/2018,DEBIT PURCHASE,Personal Satellite Network ,Utilities,"-$30,026.35","$246,941.73",Recurring
101603,03/16/2018,BALANCE TRANSER ,Money Market,Transfer,"$50,000.00","$296,941.73",Recurring
32112,03/17/2018,DEBIT PURCHASE,Amangani,Food & Dining,-$985.75,"$295,955.98",Occaisional
32129,03/21/2018,PAYMENT/TRANSFER DEBIT,Life and Clone Term Insurance ,Insurance ,-$898.32,"$295,057.66",Recurring
32128,03/21/2018,DEBIT PURCHASE,Personalized Bathtub,Clothing & Personal ,"-$8,232.98","$286,824.68",Occaisional
32130,03/22/2018,PAYMENT/TRANSFER DEBIT,Personal Trainer / Body Guard,Health & Fitness,"-$12,365.95","$274,458.73",Recurring
32131,03/23/2018,PAYMENT/TRANSFER DEBIT,Personal Stylist (part time) ,Clothing & Personal ,"-$5,361.32","$269,097.41",Recurring
32139,03/24/2018,DEBIT PURCHASE,Thighmaster Marathon,Health & Fitness,"-$3,205.25","$265,892.16",Occaisional
32134,03/24/2018,PAYMENT/TRANSFER DEBIT,Personal Chef/Nutritionist,Food & Dining,"-$8,659.48","$257,232.68",Recurring
32133,03/24/2018,PAYMENT/TRANSFER DEBIT,Personal Concierge,Entertainment,"-$2,506.99","$254,725.69",Recurring
32123,03/24/2018,DEBIT PURCHASE,Taco Shack,Food & Dining,-$354.87,"$254,370.82",Occaisional
32136,03/25/2018,PAYMENT/TRANSFER DEBIT,Clone maintenance / Health Insurance,Insurance ,"-$2,305.21","$252,065.61",Recurring
32135,03/25/2018,PAYMENT/TRANSFER DEBIT,AI Machine Learning Loans,Loans,"-$14,030.25","$238,035.36",Recurring
32138,03/26/2018,PAYMENT/TRANSFER DEBIT,Personal Lawyer,Fees & Charges,"-$2,566.37","$235,468.99",Recurring
32140,03/31/2018,ATM WITHDRAWAL,7-11 ATM,Uncategorized,-$402.50,"$235,066.49",Occaisional
32142,04/01/2018,PAYMENT/TRANSFER DEBIT,Private Island Mortgage,Housing,"-$103,015.35","$132,051.14",Recurring
32141,04/01/2018,PAYMENT/TRANSFER DEBIT,Secret Lab Mortage,Housing,"-$30,256.38","$101,794.76",Recurring
32143,04/02/2018,PAYMENT/TRANSFER DEBIT,Emergency Shuttle Standby,Auto & Transport,"-$11,157.87","$90,636.89",Recurring
32144,04/03/2018,PAYMENT/TRANSFER DEBIT,Universal Subway Pass,Auto & Transport,"-$2,552.26","$88,084.63",Recurring
32148,04/04/2018,PAYMENT/TRANSFER DEBIT,Turbo Yacht - Mooring Fees,Auto & Transport,"-$25,362.87","$62,721.76",Recurring
32150,04/05/2018,PAYMENT/TRANSFER DEBIT,Car Maintentance Service,Auto & Transport,"-$2,241.12","$60,480.64",Recurring
32149,04/05/2018,PAYMENT/TRANSFER DEBIT,Galaxy Express Plutonium Card,Fees & Charges,"-$6,725.35","$53,755.29",Recurring
101538,04/05/2018,Direct Deposit,Dance of Mole Men - The Album,Royalties,"$30,235.66","$83,990.95",Recurring
32151,04/06/2018,PAYMENT/TRANSFER DEBIT,Electric & Gas,Utilities,"-$5,231.65","$78,759.30",Recurring
32153,04/07/2018,PAYMENT/TRANSFER DEBIT,Secret Lab Insurance ,Insurance ,"-$1,352.02","$77,407.28",Recurring
32152,04/07/2018,PAYMENT/TRANSFER DEBIT,Private Island Volcano Insurance,Insurance ,"-$10,325.63","$67,081.65",Recurring
32146,04/07/2018,DEBIT PURCHASE,Dog House Sofa,Pets,"-$12,953.32","$54,128.33",Occaisional
101576,04/07/2018,BALANCE TRANSER ,Savings Account,Transfer,"$70,000.00","$124,128.33",Recurring
32154,04/09/2018,DEBIT PURCHASE,Penthouse Rent/Timeshare,Housing,"-$10,500.52","$113,627.81",Recurring
32172,04/10/2018,DEBIT PURCHASE,"Maroon 5, Private Show",Entertainment,"-$25,006.35","$88,621.46",Occaisional
32162,04/11/2018,DEBIT PURCHASE,Devil Island Prison Restaurant ,Food & Dining,"-$1,896.78","$86,724.68",Occaisional
32158,04/11/2018,DEBIT PURCHASE,Taco Shack,Food & Dining,-$19.97,"$86,704.71",Occaisional
32155,04/12/2018,PAYMENT/TRANSFER DEBIT,Personal Accountant,Fees & Charges,"-$6,536.25","$80,168.46",Recurring
32157,04/13/2018,DEBIT PURCHASE,NetPix On Demand Video,Entertainment,-$3.25,"$80,165.21",Occaisional
32159,04/14/2018,PAYMENT/TRANSFER DEBIT,Emergency Medical Wing Standby,Health & Fitness,"-$6,500.00","$73,665.21",Recurring
32167,04/15/2018,DEBIT PURCHASE,The Bubble Room,Food & Dining,-$897.11,"$72,768.10",Occaisional
32160,04/15/2018,DEBIT PURCHASE,Personal Satellite Network ,Utilities,"-$30,026.35","$42,741.75",Recurring
101556,04/15/2018,DIRECT DEPOSIT,Trust Fund Stock,Dividends,"$835,412.01","$878,153.76",Recurring
32161,04/16/2018,DEBIT PURCHASE,Hoverboard Rental,Entertainment,-$834.13,"$877,319.63",Occaisional
101604,04/16/2018,BALANCE TRANSER ,Money Market,Transfer,"$50,000.00","$927,319.63",Recurring
32175,04/19/2018,ATM WITHDRAWAL,7-11 ATM,Uncategorized,-$402.50,"$926,917.13",Occaisional
32164,04/21/2018,PAYMENT/TRANSFER DEBIT,Life and Clone Term Insurance ,Insurance ,-$898.32,"$926,018.81",Recurring
32163,04/21/2018,DEBIT PURCHASE,Closet Humidifier,Clothing & Personal ,"-$2,587.62","$923,431.19",Occaisional
32147,04/21/2018,DEBIT PURCHASE,Mars 2112,Food & Dining,-$325.86,"$923,105.33",Occaisional
32165,04/22/2018,PAYMENT/TRANSFER DEBIT,Personal Trainer / Body Guard,Health & Fitness,"-$12,365.95","$910,739.38",Recurring
32174,04/23/2018,DEBIT PURCHASE,Sauna Suit,Health & Fitness,"-$19,987.99","$890,751.39",Occaisional
32166,04/23/2018,PAYMENT/TRANSFER DEBIT,Personal Stylist (part time) ,Clothing & Personal ,"-$5,361.32","$885,390.07",Recurring
32169,04/24/2018,PAYMENT/TRANSFER DEBIT,Personal Chef/Nutritionist,Food & Dining,"-$8,659.48","$876,730.59",Recurring
32168,04/24/2018,PAYMENT/TRANSFER DEBIT,Personal Concierge,Entertainment,"-$2,506.99","$874,223.60",Recurring
32171,04/25/2018,PAYMENT/TRANSFER DEBIT,Clone maintenance / Health Insurance,Insurance ,"-$2,305.21","$871,918.39",Recurring
32170,04/25/2018,PAYMENT/TRANSFER DEBIT,AI Machine Learning Loans,Loans,"-$14,030.25","$857,888.14",Recurring
32173,04/26/2018,PAYMENT/TRANSFER DEBIT,Personal Lawyer,Fees & Charges,"-$2,966.35","$854,921.79",Recurring
32156,04/27/2018,ATM WITHDRAWAL,Work Caffeteria ATM,Uncategorized,-$403.00,"$854,518.79",Occaisional
32145,04/27/2018,DEBIT PURCHASE,Ecosse Titanium Series FE Ti XX Motorcycle ,Auto & Transport,"-$280,001.62","$574,517.17",Occaisional
32177,05/01/2018,PAYMENT/TRANSFER DEBIT,Private Island Mortgage,Housing,"-$103,015.35","$471,501.82",Recurring
32176,05/01/2018,PAYMENT/TRANSFER DEBIT,Secret Lab Mortage,Housing,"-$30,256.38","$441,245.44",Recurring
32178,05/02/2018,PAYMENT/TRANSFER DEBIT,Emergency Shuttle Standby,Auto & Transport,"-$11,157.87","$430,087.57",Recurring
32197,05/03/2018,DEBIT PURCHASE,The Disaster Cafe,Food & Dining,-$356.98,"$429,730.59",Occaisional
32182,05/03/2018,DEBIT PURCHASE,Gold-Threaded Pet Mattress,Pets,"-$1,293.23","$428,437.36",Occaisional
32179,05/03/2018,PAYMENT/TRANSFER DEBIT,Universal Subway Pass,Auto & Transport,"-$2,552.26","$425,885.10",Recurring
32180,05/04/2018,PAYMENT/TRANSFER DEBIT,Turbo Yacht - Mooring Fees,Auto & Transport,"-$25,362.87","$400,522.23",Recurring
32185,05/05/2018,PAYMENT/TRANSFER DEBIT,Car Maintentance Service,Auto & Transport,"-$2,241.12","$398,281.11",Recurring
32184,05/05/2018,PAYMENT/TRANSFER DEBIT,Galaxy Express Plutonium Card,Fees & Charges,"-$16,719.19","$381,561.92",Recurring
101539,05/05/2018,Direct Deposit,Dance of Mole Men - The Album,Royalties,"$32,325.75","$413,887.67",Recurring
32186,05/06/2018,PAYMENT/TRANSFER DEBIT,Electric & Gas,Utilities,"-$5,231.65","$408,656.02",Recurring
32188,05/07/2018,PAYMENT/TRANSFER DEBIT,Secret Lab Insurance ,Insurance ,"-$1,352.02","$407,304.00",Recurring
32187,05/07/2018,PAYMENT/TRANSFER DEBIT,Private Island Volcano Insurance,Insurance ,"-$10,325.63","$396,978.37",Recurring
101577,05/07/2018,BALANCE TRANSER ,Savings Account,Transfer,"$70,000.00","$466,978.37",Recurring
32210,05/08/2018,ATM WITHDRAWAL,7-11 ATM,Uncategorized,-$402.50,"$466,575.87",Occaisional
32189,05/09/2018,DEBIT PURCHASE,Penthouse Rent/Timeshare,Housing,"-$10,500.52","$456,075.35",Recurring
32190,05/12/2018,PAYMENT/TRANSFER DEBIT,Personal Accountant,Fees & Charges,"-$6,536.25","$449,539.10",Recurring
32192,05/13/2018,DEBIT PURCHASE,NetPix On Demand Video,Entertainment,-$3.25,"$449,535.85",Occaisional
32194,05/14/2018,PAYMENT/TRANSFER DEBIT,Emergency Medical Wing Standby,Health & Fitness,"-$6,500.00","$443,035.85",Recurring
32202,05/15/2018,DEBIT PURCHASE,The Heart Attack Grill,Food & Dining,-$65.78,"$442,970.07",Occaisional
32195,05/15/2018,DEBIT PURCHASE,Personal Satellite Network ,Utilities,"-$30,026.35","$412,943.72",Recurring
32196,05/16/2018,DEBIT PURCHASE,Self Driving Bike Rental,Entertainment,"-$1,023.88","$411,919.84",Occaisional
32191,05/16/2018,ATM WITHDRAWAL,Work Caffeteria ATM,Uncategorized,-$403.00,"$411,516.84",Occaisional
101605,05/16/2018,BALANCE TRANSER ,Money Market,Transfer,"$50,000.00","$461,516.84",Recurring
32199,05/21/2018,PAYMENT/TRANSFER DEBIT,Life and Clone Term Insurance ,Insurance ,-$898.32,"$460,618.52",Recurring
32198,05/21/2018,DEBIT PURCHASE,Tibetan Pajamas,Clothing & Personal ,-$652.87,"$459,965.65",Occaisional
32193,05/21/2018,DEBIT PURCHASE,Taco Shack,Food & Dining,-$45.54,"$459,920.11",Occaisional
32181,05/21/2018,DEBIT PURCHASE,Harry Winston Opus 12 Watch,Shopping,"-$26,023.32","$433,896.79",Occaisional
32200,05/22/2018,PAYMENT/TRANSFER DEBIT,Personal Trainer / Body Guard,Health & Fitness,"-$12,365.95","$421,530.84",Recurring
32201,05/23/2018,PAYMENT/TRANSFER DEBIT,Personal Stylist (part time) ,Clothing & Personal ,"-$5,361.32","$416,169.52",Recurring
32204,05/24/2018,PAYMENT/TRANSFER DEBIT,Personal Chef/Nutritionist,Food & Dining,"-$8,659.48","$407,510.04",Recurring
32203,05/24/2018,PAYMENT/TRANSFER DEBIT,Personal Concierge,Entertainment,"-$2,506.99","$405,003.05",Recurring
32206,05/25/2018,PAYMENT/TRANSFER DEBIT,Clone maintenance / Health Insurance,Insurance ,"-$2,305.21","$402,697.84",Recurring
32205,05/25/2018,PAYMENT/TRANSFER DEBIT,AI Machine Learning Loans,Loans,"-$14,030.25","$388,667.59",Recurring
32208,05/26/2018,PAYMENT/TRANSFER DEBIT,Personal Lawyer,Fees & Charges,"-$2,966.35","$385,701.24",Recurring
32212,06/01/2018,PAYMENT/TRANSFER DEBIT,Private Island Mortgage,Housing,"-$103,015.35","$282,685.89",Recurring
32211,06/01/2018,PAYMENT/TRANSFER DEBIT,Secret Lab Mortage,Housing,"-$30,256.38","$252,429.51",Recurring
32245,06/02/2018,ATM WITHDRAWAL,7-11 ATM,Uncategorized,-$402.50,"$252,027.01",Occaisional
32213,06/02/2018,PAYMENT/TRANSFER DEBIT,Emergency Shuttle Standby,Auto & Transport,"-$11,157.87","$240,869.14",Recurring
32214,06/03/2018,PAYMENT/TRANSFER DEBIT,Universal Subway Pass,Auto & Transport,"-$2,552.26","$238,316.88",Recurring
32215,06/04/2018,PAYMENT/TRANSFER DEBIT,Turbo Yacht - Mooring Fees,Auto & Transport,"-$25,362.87","$212,954.01",Recurring
32219,06/05/2018,PAYMENT/TRANSFER DEBIT,Car Maintentance Service,Auto & Transport,"-$2,241.12","$210,712.89",Recurring
32218,06/05/2018,PAYMENT/TRANSFER DEBIT,Galaxy Express Plutonium Card,Fees & Charges,"-$18,290.82","$192,422.07",Recurring
101540,06/05/2018,Direct Deposit,Dance of Mole Men - The Album,Royalties,"$34,415.84","$226,837.91",Recurring
32232,06/06/2018,DEBIT PURCHASE,Normaâ€™s,Food & Dining,-$423.78,"$226,414.13",Occaisional
32221,06/06/2018,PAYMENT/TRANSFER DEBIT,Electric & Gas,Utilities,"-$5,231.65","$221,182.48",Recurring
32223,06/07/2018,PAYMENT/TRANSFER DEBIT,Secret Lab Insurance ,Insurance ,"-$1,352.02","$219,830.46",Recurring
32222,06/07/2018,PAYMENT/TRANSFER DEBIT,Private Island Volcano Insurance,Insurance ,"-$10,325.63","$209,504.83",Recurring
101578,06/07/2018,BALANCE TRANSER ,Savings Account,Transfer,"$70,000.00","$279,504.83",Recurring
32224,06/09/2018,DEBIT PURCHASE,Penthouse Rent/Timeshare,Housing,"-$10,500.52","$269,004.31",Recurring
32217,06/10/2018,DEBIT PURCHASE,"Guy Savoy, Paris (Groupon) ",Food & Dining,"-$13,987.25","$255,017.06",Occaisional
32226,06/11/2018,ATM WITHDRAWAL,Work Caffeteria ATM,Uncategorized,-$403.00,"$254,614.06",Occaisional
32225,06/12/2018,PAYMENT/TRANSFER DEBIT,Personal Accountant,Fees & Charges,"-$6,536.25","$248,077.81",Recurring
32220,06/12/2018,DEBIT PURCHASE,Dog Sparkling Water - 30 Cases,Pets,-$400.00,"$247,677.81",Occaisional
32227,06/13/2018,DEBIT PURCHASE,NetPix On Demand Video,Entertainment,-$3.25,"$247,674.56",Occaisional
32229,06/14/2018,PAYMENT/TRANSFER DEBIT,Emergency Medical Wing Standby,Health & Fitness,"-$6,500.00","$241,174.56",Recurring
32230,06/15/2018,DEBIT PURCHASE,Personal Satellite Network ,Utilities,"-$30,026.35","$211,148.21",Recurring
32242,06/16/2018,DEBIT PURCHASE,Mean Girls.,Entertainment,-$982.25,"$210,165.96",Occaisional
32231,06/16/2018,DEBIT PURCHASE,Underwater World Cruise,Entertainment,"-$50,788.56","$159,377.40",Occaisional
101606,06/16/2018,BALANCE TRANSER ,Money Market,Transfer,"$50,000.00","$209,377.40",Recurring
32244,06/18/2018,DEBIT PURCHASE,Zero Gravity Yoga Training,Health & Fitness,"-$15,020.32","$194,357.08",Occaisional
32234,06/21/2018,PAYMENT/TRANSFER DEBIT,Life and Clone Term Insurance ,Insurance ,-$898.32,"$193,458.76",Recurring
32233,06/21/2018,DEBIT PURCHASE,Dry Wetsuite,Clothing & Personal ,"-$8,952.45","$184,506.31",Occaisional
32235,06/22/2018,PAYMENT/TRANSFER DEBIT,Personal Trainer / Body Guard,Health & Fitness,"-$12,365.95","$172,140.36",Recurring
32236,06/23/2018,PAYMENT/TRANSFER DEBIT,Personal Stylist (part time) ,Clothing & Personal ,"-$5,361.32","$166,779.04",Recurring
32239,06/24/2018,PAYMENT/TRANSFER DEBIT,Personal Chef/Nutritionist,Food & Dining,"-$8,659.48","$158,119.56",Recurring
32238,06/24/2018,PAYMENT/TRANSFER DEBIT,Personal Concierge,Entertainment,"-$2,506.99","$155,612.57",Recurring
32241,06/25/2018,PAYMENT/TRANSFER DEBIT,Clone maintenance / Health Insurance,Insurance ,"-$2,305.21","$153,307.36",Recurring
32240,06/25/2018,PAYMENT/TRANSFER DEBIT,AI Machine Learning Loans,Loans,"-$14,030.25","$139,277.11",Recurring
32243,06/26/2018,PAYMENT/TRANSFER DEBIT,Personal Lawyer,Fees & Charges,"-$2,966.35","$136,310.76",Recurring
32237,06/27/2018,DEBIT PURCHASE,Masa,Food & Dining,"-$3,256.30","$133,054.46",Occaisional
32247,07/01/2018,PAYMENT/TRANSFER DEBIT,Private Island Mortgage,Housing,"-$103,015.35","$30,039.11",Recurring
32246,07/01/2018,PAYMENT/TRANSFER DEBIT,Secret Lab Mortage,Housing,"-$30,256.38",-$217.27,Recurring
32248,07/02/2018,PAYMENT/TRANSFER DEBIT,Emergency Shuttle Standby,Auto & Transport,"-$11,157.87","-$11,375.14",Recurring
32249,07/03/2018,PAYMENT/TRANSFER DEBIT,Universal Subway Pass,Auto & Transport,"-$2,552.26","-$13,927.40",Recurring
32250,07/04/2018,PAYMENT/TRANSFER DEBIT,Turbo Yacht - Mooring Fees,Auto & Transport,"-$25,362.87","-$39,290.27",Recurring
32254,07/05/2018,PAYMENT/TRANSFER DEBIT,Car Maintentance Service,Auto & Transport,"-$2,241.12","-$41,531.39",Recurring
32253,07/05/2018,PAYMENT/TRANSFER DEBIT,Galaxy Express Plutonium Card,Fees & Charges,"-$9,025.66","-$50,557.05",Recurring
32251,07/05/2018,DEBIT PURCHASE,Victorinox 1TB Swiss Army Knife,Shopping,"-$3,102.23","-$53,659.28",Occaisional
101541,07/05/2018,Direct Deposit,Dance of Mole Men - The Album,Royalties,"$36,505.93","-$17,153.35",Recurring
32256,07/06/2018,PAYMENT/TRANSFER DEBIT,Electric & Gas,Utilities,"-$3,152.25","-$20,305.60",Recurring
32258,07/07/2018,PAYMENT/TRANSFER DEBIT,Secret Lab Insurance ,Insurance ,"-$1,352.02","-$21,657.62",Recurring
32257,07/07/2018,PAYMENT/TRANSFER DEBIT,Private Island Volcano Insurance,Insurance ,"-$10,325.63","-$31,983.25",Recurring
101579,07/07/2018,BALANCE TRANSER ,Savings Account,Transfer,"$70,000.00","$38,016.75",Recurring
32252,07/08/2018,DEBIT PURCHASE,Bubba Gump Shrimp Co.,Food & Dining,"-$1,138.69","$36,878.06",Occaisional
32259,07/09/2018,DEBIT PURCHASE,Penthouse Rent/Timeshare,Housing,"-$10,500.52","$26,377.54",Recurring
5102,07/09/2018,BALANCE TRANSER ,Emergency Account,Transfer,"$50,000.00","$76,377.54",Occaisional
32272,07/10/2018,DEBIT PURCHASE,Oasis Cafe,Food & Dining,-$987.65,"$75,389.89",Occaisional
32267,07/11/2018,DEBIT PURCHASE,Sur un Arbre Perche,Food & Dining,"-$1,356.88","$74,033.01",Occaisional
32260,07/12/2018,PAYMENT/TRANSFER DEBIT,Personal Accountant,Fees & Charges,"-$6,536.25","$67,496.76",Recurring
32262,07/13/2018,DEBIT PURCHASE,NetPix On Demand Video,Entertainment,-$3.25,"$67,493.51",Occaisional
32264,07/14/2018,PAYMENT/TRANSFER DEBIT,Emergency Medical Wing Standby,Health & Fitness,"-$6,500.00","$60,993.51",Recurring
32265,07/15/2018,DEBIT PURCHASE,Personal Satellite Network ,Utilities,"-$25,026.35","$35,967.16",Recurring
101557,07/15/2018,DIRECT DEPOSIT,Trust Fund Stock,Dividends,"$733,582.26","$769,549.42",Recurring
32266,07/16/2018,DEBIT PURCHASE,Flame thrower lessons,Entertainment,-$899.31,"$768,650.11",Occaisional
101607,07/16/2018,BALANCE TRANSER ,Money Market,Transfer,"$50,000.00","$818,650.11",Recurring
32279,07/20/2018,DEBIT PURCHASE,3d Facial Treatment,Health & Fitness,"-$18,356.65","$800,293.46",Occaisional
32269,07/21/2018,PAYMENT/TRANSFER DEBIT,Life and Clone Term Insurance ,Insurance ,-$898.32,"$799,395.14",Recurring
32268,07/21/2018,DEBIT PURCHASE,Kentuck Derby Hat,Clothing & Personal ,-$637.21,"$798,757.93",Occaisional
32270,07/22/2018,PAYMENT/TRANSFER DEBIT,Personal Trainer / Body Guard,Health & Fitness,"-$12,365.95","$786,391.98",Recurring
32271,07/23/2018,PAYMENT/TRANSFER DEBIT,Personal Stylist (part time) ,Clothing & Personal ,"-$5,361.32","$781,030.66",Recurring
5103,07/23/2018,PAYMENT/TRANSFER DEBIT,Overdraft Charge,Fees & Charges,"-$10,000.00","$771,030.66",Occaisional
32274,07/24/2018,PAYMENT/TRANSFER DEBIT,Personal Chef/Nutritionist,Food & Dining,"-$8,659.48","$762,371.18",Recurring
32273,07/24/2018,PAYMENT/TRANSFER DEBIT,Personal Concierge,Entertainment,"-$2,506.99","$759,864.19",Recurring
32255,07/24/2018,DEBIT PURCHASE,Dog Snuggies,Pets,-$200.05,"$759,664.14",Occaisional
32276,07/25/2018,PAYMENT/TRANSFER DEBIT,Clone maintenance / Health Insurance,Insurance ,"-$2,305.21","$757,358.93",Recurring
32275,07/25/2018,PAYMENT/TRANSFER DEBIT,AI Machine Learning Loans,Loans,"-$14,030.25","$743,328.68",Recurring
32278,07/26/2018,PAYMENT/TRANSFER DEBIT,Personal Lawyer,Fees & Charges,"-$2,966.35","$740,362.33",Recurring
32280,07/27/2018,ATM WITHDRAWAL,7-11 ATM,Uncategorized,-$402.50,"$739,959.83",Occaisional
32263,07/27/2018,DEBIT PURCHASE,Taco Shack,Food & Dining,-$12.37,"$739,947.46",Occaisional
32277,07/28/2018,DEBIT PURCHASE,My Fair Lady,Entertainment,"-$25,006.35","$714,941.11",Occaisional
32261,07/28/2018,ATM WITHDRAWAL,Work Caffeteria ATM,Uncategorized,-$403.00,"$714,538.11",Occaisional
32286,08/01/2018,DEBIT PURCHASE,Boxx Suitcase Scooter,Shopping,"-$4,321.23","$710,216.88",Occaisional
32282,08/01/2018,PAYMENT/TRANSFER DEBIT,Private Island Mortgage,Housing,"-$103,015.35","$607,201.53",Recurring
32281,08/01/2018,PAYMENT/TRANSFER DEBIT,Secret Lab Mortage,Housing,"-$30,256.38","$576,945.15",Recurring
32283,08/02/2018,PAYMENT/TRANSFER DEBIT,Emergency Shuttle Standby,Auto & Transport,"-$11,157.87","$565,787.28",Recurring
32284,08/03/2018,PAYMENT/TRANSFER DEBIT,Universal Subway Pass,Auto & Transport,"-$2,552.26","$563,235.02",Recurring
32285,08/04/2018,PAYMENT/TRANSFER DEBIT,Turbo Yacht - Mooring Fees,Auto & Transport,"-$25,362.87","$537,872.15",Recurring
32289,08/05/2018,PAYMENT/TRANSFER DEBIT,Car Maintentance Service,Auto & Transport,"-$2,241.12","$535,631.03",Recurring
32288,08/05/2018,PAYMENT/TRANSFER DEBIT,Galaxy Express Plutonium Card,Fees & Charges,"-$12,875.85","$522,755.18",Recurring
101542,08/05/2018,Direct Deposit,Dance of Mole Men - The Album,Royalties,"$38,596.02","$561,351.20",Recurring
32291,08/06/2018,PAYMENT/TRANSFER DEBIT,Electric & Gas,Utilities,"-$3,152.25","$558,198.95",Recurring
32293,08/07/2018,PAYMENT/TRANSFER DEBIT,Secret Lab Insurance ,Insurance ,"-$1,352.02","$556,846.93",Recurring
32292,08/07/2018,PAYMENT/TRANSFER DEBIT,Private Island Volcano Insurance,Insurance ,"-$10,325.63","$546,521.30",Recurring
101580,08/07/2018,BALANCE TRANSER ,Savings Account,Transfer,"$70,000.00","$616,521.30",Recurring
32294,08/09/2018,DEBIT PURCHASE,Penthouse Rent/Timeshare,Housing,"-$10,500.52","$606,020.78",Recurring
32290,08/09/2018,DEBIT PURCHASE,Puppy Tweets Twitter Account,Pets,-$360.99,"$605,659.79",Occaisional
32298,08/10/2018,DEBIT PURCHASE,Taco Shack,Food & Dining,-$302.85,"$605,356.94",Occaisional
32307,08/11/2018,DEBIT PURCHASE,Oasis Surf,Food & Dining,-$321.35,"$605,035.59",Occaisional
32295,08/12/2018,PAYMENT/TRANSFER DEBIT,Personal Accountant,Fees & Charges,"-$6,536.25","$598,499.34",Recurring
32297,08/13/2018,DEBIT PURCHASE,NetPix On Demand Video,Entertainment,-$3.25,"$598,496.09",Occaisional
32299,08/14/2018,PAYMENT/TRANSFER DEBIT,Emergency Medical Wing Standby,Health & Fitness,"-$6,500.00","$591,996.09",Recurring
32302,08/15/2018,DEBIT PURCHASE,El Diablo â€œThe Devilâ€,Food & Dining,-$868.39,"$591,127.70",Occaisional
32300,08/15/2018,DEBIT PURCHASE,Personal Satellite Network ,Utilities,"-$25,026.35","$566,101.35",Recurring
32296,08/15/2018,ATM WITHDRAWAL,Work Caffeteria ATM,Uncategorized,-$403.00,"$565,698.35",Occaisional
32301,08/16/2018,DEBIT PURCHASE,Buggati Rental,Entertainment,"-$6,234.77","$559,463.58",Occaisional
101608,08/16/2018,BALANCE TRANSER ,Money Market,Transfer,"$50,000.00","$609,463.58",Recurring
32304,08/21/2018,PAYMENT/TRANSFER DEBIT,Life and Clone Term Insurance ,Insurance ,-$898.32,"$608,565.26",Recurring
32303,08/21/2018,DEBIT PURCHASE,Casual Tuxedo,Clothing & Personal ,"-$25,023.62","$583,541.64",Occaisional
32314,08/22/2018,DEBIT PURCHASE,"30,000 mile blood replacement",Health & Fitness,"-$60,356.85","$523,184.79",Occaisional
32305,08/22/2018,PAYMENT/TRANSFER DEBIT,Personal Trainer / Body Guard,Health & Fitness,"-$12,365.95","$510,818.84",Recurring
32306,08/23/2018,PAYMENT/TRANSFER DEBIT,Personal Stylist (part time) ,Clothing & Personal ,"-$5,361.32","$505,457.52",Recurring
32287,08/23/2018,DEBIT PURCHASE,"Guy Savoy, Paris (Groupon) ",Food & Dining,-$658.98,"$504,798.54",Occaisional
32309,08/24/2018,PAYMENT/TRANSFER DEBIT,Personal Chef/Nutritionist,Food & Dining,"-$8,659.48","$496,139.06",Recurring
32308,08/24/2018,PAYMENT/TRANSFER DEBIT,Personal Concierge,Entertainment,"-$2,506.99","$493,632.07",Recurring
32311,08/25/2018,PAYMENT/TRANSFER DEBIT,Clone maintenance / Health Insurance,Insurance ,"-$2,305.21","$491,326.86",Recurring
32310,08/25/2018,PAYMENT/TRANSFER DEBIT,AI Machine Learning Loans,Loans,"-$14,030.25","$477,296.61",Recurring
32313,08/26/2018,PAYMENT/TRANSFER DEBIT,Personal Lawyer,Fees & Charges,"-$2,966.35","$474,330.26",Recurring
32321,08/29/2018,DEBIT PURCHASE,Stax SR-009 Earspeakers,Shopping,"-$5,032.86","$469,297.40",Occaisional
32317,09/01/2018,PAYMENT/TRANSFER DEBIT,Private Island Mortgage,Housing,"-$103,015.35","$366,282.05",Recurring
32316,09/01/2018,PAYMENT/TRANSFER DEBIT,Secret Lab Mortage,Housing,"-$30,256.38","$336,025.67",Recurring
32315,09/01/2018,ATM WITHDRAWAL,7-11 ATM,Uncategorized,-$402.50,"$335,623.17",Occaisional
32318,09/02/2018,PAYMENT/TRANSFER DEBIT,Emergency Shuttle Standby,Auto & Transport,"-$11,157.87","$324,465.30",Recurring
32319,09/03/2018,PAYMENT/TRANSFER DEBIT,Universal Subway Pass,Auto & Transport,"-$2,552.26","$321,913.04",Recurring
32342,09/04/2018,DEBIT PURCHASE,The Pointe Restaurant,Food & Dining,-$658.98,"$321,254.06",Occaisional
32320,09/04/2018,PAYMENT/TRANSFER DEBIT,Turbo Yacht - Mooring Fees,Auto & Transport,"-$25,362.87","$295,891.19",Recurring
32349,09/05/2018,DEBIT PURCHASE,Radioactive Insect Bite Treatment,Health & Fitness,"-$8,253.65","$287,637.54",Occaisional
32324,09/05/2018,PAYMENT/TRANSFER DEBIT,Car Maintentance Service,Auto & Transport,"-$2,241.12","$285,396.42",Recurring
32323,09/05/2018,PAYMENT/TRANSFER DEBIT,Galaxy Express Plutonium Card,Fees & Charges,"-$23,367.99","$262,028.43",Recurring
101543,09/05/2018,Direct Deposit,Dance of Mole Men - The Album,Royalties,"$40,686.11","$302,714.54",Recurring
32326,09/06/2018,PAYMENT/TRANSFER DEBIT,Electric & Gas,Utilities,"-$3,152.25","$299,562.29",Recurring
32325,09/06/2018,DEBIT PURCHASE,Sexy Beast Dog Perfume,Pets,-$205.35,"$299,356.94",Occaisional
32328,09/07/2018,PAYMENT/TRANSFER DEBIT,Secret Lab Insurance ,Insurance ,"-$1,352.02","$298,004.92",Recurring
32327,09/07/2018,PAYMENT/TRANSFER DEBIT,Private Island Volcano Insurance,Insurance ,"-$10,325.63","$287,679.29",Recurring
101581,09/07/2018,BALANCE TRANSER ,Savings Account,Transfer,"$70,000.00","$357,679.29",Recurring
32329,09/09/2018,DEBIT PURCHASE,Penthouse Rent/Timeshare,Housing,"-$10,500.52","$347,178.77",Recurring
32330,09/12/2018,PAYMENT/TRANSFER DEBIT,Personal Accountant,Fees & Charges,"-$6,536.25","$340,642.52",Recurring
32332,09/13/2018,DEBIT PURCHASE,NetPix On Demand Video,Entertainment,-$3.25,"$340,639.27",Occaisional
32331,09/13/2018,ATM WITHDRAWAL,Work Caffeteria ATM,Uncategorized,-$403.00,"$340,236.27",Occaisional
32334,09/14/2018,PAYMENT/TRANSFER DEBIT,Emergency Medical Wing Standby,Health & Fitness,"-$6,500.00","$333,736.27",Recurring
32347,09/15/2018,DEBIT PURCHASE,"One Direction, Private Show",Entertainment,"-$25,006.35","$308,729.92",Occaisional
32335,09/15/2018,DEBIT PURCHASE,Personal Satellite Network ,Utilities,"-$25,026.35","$283,703.57",Recurring
32336,09/16/2018,DEBIT PURCHASE,Italian Grand Prix Pit Pass,Entertainment,"-$1,258.33","$282,445.24",Occaisional
101609,09/16/2018,BALANCE TRANSER ,Money Market,Transfer,"$50,000.00","$332,445.24",Recurring
32337,09/18/2018,DEBIT PURCHASE,De Kasâ€”Amsterdam,Food & Dining,-$922.32,"$331,522.92",Occaisional
32339,09/21/2018,PAYMENT/TRANSFER DEBIT,Life and Clone Term Insurance ,Insurance ,-$898.32,"$330,624.60",Recurring
32338,09/21/2018,DEBIT PURCHASE,Formal TShirts,Clothing & Personal ,-$765.00,"$329,859.60",Occaisional
32333,09/21/2018,DEBIT PURCHASE,Taco Shack,Food & Dining,-$270.35,"$329,589.25",Occaisional
32340,09/22/2018,PAYMENT/TRANSFER DEBIT,Personal Trainer / Body Guard,Health & Fitness,"-$12,365.95","$317,223.30",Recurring
32341,09/23/2018,PAYMENT/TRANSFER DEBIT,Personal Stylist (part time) ,Clothing & Personal ,"-$5,361.32","$311,861.98",Recurring
32344,09/24/2018,PAYMENT/TRANSFER DEBIT,Personal Chef/Nutritionist,Food & Dining,"-$8,659.48","$303,202.50",Recurring
32343,09/24/2018,PAYMENT/TRANSFER DEBIT,Personal Concierge,Entertainment,"-$2,506.99","$300,695.51",Recurring
32346,09/25/2018,PAYMENT/TRANSFER DEBIT,Clone maintenance / Health Insurance,Insurance ,"-$2,305.21","$298,390.30",Recurring
32345,09/25/2018,PAYMENT/TRANSFER DEBIT,AI Machine Learning Loans,Loans,"-$14,030.25","$284,360.05",Recurring
32348,09/26/2018,PAYMENT/TRANSFER DEBIT,Personal Lawyer,Fees & Charges,"-$2,966.35","$281,393.70",Recurring
32322,09/26/2018,DEBIT PURCHASE,Casa Bonita,Food & Dining,"-$1,385.35","$280,008.35",Occaisional
32350,09/29/2018,ATM WITHDRAWAL,7-11 ATM,Uncategorized,-$402.50,"$279,605.85",Occaisional
32352,10/01/2018,PAYMENT/TRANSFER DEBIT,Private Island Mortgage,Housing,"-$103,015.35","$176,590.50",Recurring
32351,10/01/2018,PAYMENT/TRANSFER DEBIT,Secret Lab Mortage,Housing,"-$30,256.38","$146,334.12",Recurring
32353,10/02/2018,PAYMENT/TRANSFER DEBIT,Emergency Shuttle Standby,Auto & Transport,"-$11,157.87","$135,176.25",Recurring
32360,10/03/2018,DEBIT PURCHASE,Bubbletastic Bacon Bubble Blower,Pets,-$128.32,"$135,047.93",Occaisional
32354,10/03/2018,PAYMENT/TRANSFER DEBIT,Universal Subway Pass,Auto & Transport,"-$2,552.26","$132,495.67",Recurring
32355,10/04/2018,PAYMENT/TRANSFER DEBIT,Turbo Yacht - Mooring Fees,Auto & Transport,"-$25,362.87","$107,132.80",Recurring
32359,10/05/2018,PAYMENT/TRANSFER DEBIT,Car Maintentance Service,Auto & Transport,"-$2,241.12","$104,891.68",Recurring
32358,10/05/2018,PAYMENT/TRANSFER DEBIT,Galaxy Express Plutonium Card,Fees & Charges,"-$9,357.56","$95,534.12",Recurring
101544,10/05/2018,Direct Deposit,Dance of Mole Men - The Album,Royalties,"$42,776.20","$138,310.32",Recurring
32361,10/06/2018,PAYMENT/TRANSFER DEBIT,Electric & Gas,Utilities,"-$4,185.21","$134,125.11",Recurring
32363,10/07/2018,PAYMENT/TRANSFER DEBIT,Secret Lab Insurance ,Insurance ,"-$1,352.02","$132,773.09",Recurring
32362,10/07/2018,PAYMENT/TRANSFER DEBIT,Private Island Volcano Insurance,Insurance ,"-$10,325.63","$122,447.46",Recurring
101582,10/07/2018,BALANCE TRANSER ,Savings Account,Transfer,"$70,000.00","$192,447.46",Recurring
32364,10/09/2018,DEBIT PURCHASE,Penthouse Rent/Timeshare,Housing,"-$10,500.52","$181,946.94",Recurring
32357,10/09/2018,DEBIT PURCHASE,Tommy Guns Garage,Food & Dining,-$425.68,"$181,521.26",Occaisional
32366,10/12/2018,ATM WITHDRAWAL,Work Caffeteria ATM,Uncategorized,-$403.00,"$181,118.26",Occaisional
32365,10/12/2018,PAYMENT/TRANSFER DEBIT,Personal Accountant,Fees & Charges,"-$6,536.25","$174,582.01",Recurring
32367,10/13/2018,DEBIT PURCHASE,NetPix On Demand Video,Entertainment,-$3.25,"$174,578.76",Occaisional
32369,10/14/2018,PAYMENT/TRANSFER DEBIT,Emergency Medical Wing Standby,Health & Fitness,"-$6,500.00","$168,078.76",Recurring
32382,10/15/2018,DEBIT PURCHASE,The Ferryman ,Entertainment,"-$25,006.35","$143,072.41",Occaisional
32370,10/15/2018,DEBIT PURCHASE,Personal Satellite Network ,Utilities,"-$25,026.35","$118,046.06",Recurring
101558,10/15/2018,DIRECT DEPOSIT,Trust Fund Stock,Dividends,"$631,752.51","$749,798.57",Recurring
32384,10/16/2018,DEBIT PURCHASE,Space Dog Walking,Health & Fitness,"-$35,652.38","$714,146.19",Occaisional
32371,10/16/2018,DEBIT PURCHASE,Singapore Submarine Rental,Entertainment,"-$5,638.22","$708,507.97",Occaisional
101610,10/16/2018,BALANCE TRANSER ,Money Market,Transfer,"$50,000.00","$758,507.97",Recurring
32377,10/18/2018,DEBIT PURCHASE,The Sweatshop,Food & Dining,"-$1,854.60","$756,653.37",Occaisional
32374,10/21/2018,PAYMENT/TRANSFER DEBIT,Life and Clone Term Insurance ,Insurance ,-$898.32,"$755,755.05",Recurring
32373,10/21/2018,DEBIT PURCHASE,Racing Socks Set,Clothing & Personal ,-$325.99,"$755,429.06",Occaisional
32375,10/22/2018,PAYMENT/TRANSFER DEBIT,Personal Trainer / Body Guard,Health & Fitness,"-$12,365.95","$743,063.11",Recurring
32376,10/23/2018,PAYMENT/TRANSFER DEBIT,Personal Stylist (part time) ,Clothing & Personal ,"-$5,361.32","$737,701.79",Recurring
32379,10/24/2018,PAYMENT/TRANSFER DEBIT,Personal Chef/Nutritionist,Food & Dining,"-$8,659.48","$729,042.31",Recurring
32378,10/24/2018,PAYMENT/TRANSFER DEBIT,Personal Concierge,Entertainment,"-$2,506.99","$726,535.32",Recurring
32381,10/25/2018,PAYMENT/TRANSFER DEBIT,Clone maintenance / Health Insurance,Insurance ,"-$2,305.21","$724,230.11",Recurring
32380,10/25/2018,PAYMENT/TRANSFER DEBIT,AI Machine Learning Loans,Loans,"-$14,030.25","$710,199.86",Recurring
32383,10/26/2018,PAYMENT/TRANSFER DEBIT,Personal Lawyer,Fees & Charges,"-$2,966.35","$707,233.51",Recurring
32368,10/26/2018,DEBIT PURCHASE,Taco Shack,Food & Dining,-$175.65,"$707,057.86",Occaisional
32387,11/01/2018,PAYMENT/TRANSFER DEBIT,Private Island Mortgage,Housing,"-$103,015.35","$604,042.51",Recurring
32386,11/01/2018,PAYMENT/TRANSFER DEBIT,Secret Lab Mortage,Housing,"-$30,256.38","$573,786.13",Recurring
32385,11/1/2018,ATM WITHDRAWAL,7-11 ATM,Uncategorized,-$402.50,"$573,383.63",Occaisional
32407,11/2/2018,DEBIT PURCHASE,Cat CafÃ© Nekorobi,Food & Dining,"-$6,589.50","$566,794.13",Occaisional
32388,11/02/2018,PAYMENT/TRANSFER DEBIT,Emergency Shuttle Standby,Auto & Transport,"-$11,157.87","$555,636.26",Recurring
32389,11/03/2018,PAYMENT/TRANSFER DEBIT,Universal Subway Pass,Auto & Transport,"-$2,552.26","$553,084.00",Recurring
32390,11/04/2018,PAYMENT/TRANSFER DEBIT,Turbo Yacht - Mooring Fees,Auto & Transport,"-$25,362.87","$527,721.13",Recurring
32394,11/05/2018,PAYMENT/TRANSFER DEBIT,Car Maintentance Service,Auto & Transport,"-$2,241.12","$525,480.01",Recurring
32393,11/05/2018,PAYMENT/TRANSFER DEBIT,Galaxy Express Plutonium Card,Fees & Charges,"-$15,333.87","$510,146.14",Recurring
101545,11/05/2018,Direct Deposit,Dance of Mole Men - The Album,Royalties,"$36,521.36","$546,667.50",Recurring
32396,11/06/2018,PAYMENT/TRANSFER DEBIT,Electric & Gas,Utilities,"-$4,185.21","$542,482.29",Recurring
32398,11/07/2018,PAYMENT/TRANSFER DEBIT,Secret Lab Insurance ,Insurance ,"-$1,352.02","$541,130.27",Recurring
32397,11/07/2018,PAYMENT/TRANSFER DEBIT,Private Island Volcano Insurance,Insurance ,"-$10,325.63","$530,804.64",Recurring
101583,11/07/2018,BALANCE TRANSER ,Savings Account,Transfer,"$70,000.00","$600,804.64",Recurring
32392,11/08/2018,DEBIT PURCHASE,Jekyll & Hyde Club,Food & Dining,-$758.36,"$600,046.28",Occaisional
32391,11/08/2018,DEBIT PURCHASE,Kohler Numi Toilet System,Shopping,"-$7,202.32","$592,843.96",Occaisional
32417,11/9/2018,DEBIT PURCHASE,"Cats, Private Show",Entertainment,"-$32,562.32","$560,281.64",Occaisional
32399,11/09/2018,DEBIT PURCHASE,Penthouse Rent/Timeshare,Housing,"-$10,500.52","$549,781.12",Recurring
32400,11/12/2018,PAYMENT/TRANSFER DEBIT,Personal Accountant,Fees & Charges,"-$10,362.88","$539,418.24",Recurring
32420,11/13/2018,ATM WITHDRAWAL,7-11 ATM,Uncategorized,-$402.50,"$539,015.74",Occaisional
32412,11/13/2018,DEBIT PURCHASE,The Catacombs,Food & Dining,-$284.63,"$538,731.11",Occaisional
32402,11/13/2018,DEBIT PURCHASE,NetPix On Demand Video,Entertainment,-$3.25,"$538,727.86",Occaisional
32404,11/14/2018,PAYMENT/TRANSFER DEBIT,Emergency Medical Wing Standby,Health & Fitness,"-$6,500.00","$532,227.86",Recurring
32401,11/14/2018,ATM WITHDRAWAL,Work Caffeteria ATM,Uncategorized,-$403.00,"$531,824.86",Occaisional
32419,11/15/2018,DEBIT PURCHASE,Dance of the MoleMen lessons,Health & Fitness,"-$3,205.57","$528,619.29",Occaisional
32405,11/15/2018,DEBIT PURCHASE,Personal Satellite Network ,Utilities,"-$25,026.35","$503,592.94",Recurring
32406,11/16/2018,DEBIT PURCHASE,Blimp rental for Monaco Grand Prix,Entertainment,"-$15,333.56","$488,259.38",Occaisional
101611,11/16/2018,BALANCE TRANSER ,Money Market,Transfer,"$50,000.00","$538,259.38",Recurring
32409,11/21/2018,PAYMENT/TRANSFER DEBIT,Life and Clone Term Insurance ,Insurance ,-$898.32,"$537,361.06",Recurring
32408,11/21/2018,DEBIT PURCHASE,Designer Underwear,Clothing & Personal ,-$136.22,"$537,224.84",Occaisional
32410,11/22/2018,PAYMENT/TRANSFER DEBIT,Personal Trainer / Body Guard,Health & Fitness,"-$12,365.95","$524,858.89",Recurring
32411,11/23/2018,PAYMENT/TRANSFER DEBIT,Personal Stylist (part time) ,Clothing & Personal ,"-$5,361.32","$519,497.57",Recurring
32403,11/23/2018,DEBIT PURCHASE,Taco Shack,Food & Dining,-$65.78,"$519,431.79",Occaisional
32414,11/24/2018,PAYMENT/TRANSFER DEBIT,Personal Chef/Nutritionist,Food & Dining,"-$8,659.48","$510,772.31",Recurring
32413,11/24/2018,PAYMENT/TRANSFER DEBIT,Personal Concierge,Entertainment,"-$2,506.99","$508,265.32",Recurring
32416,11/25/2018,PAYMENT/TRANSFER DEBIT,Clone maintenance / Health Insurance,Insurance ,"-$2,305.21","$505,960.11",Recurring
32415,11/25/2018,PAYMENT/TRANSFER DEBIT,AI Machine Learning Loans,Loans,"-$14,030.25","$491,929.86",Recurring
32418,11/26/2018,PAYMENT/TRANSFER DEBIT,Personal Lawyer,Fees & Charges,"-$2,966.35","$488,963.51",Recurring
32395,11/26/2018,DEBIT PURCHASE,Pet High Chair,Pets,-$859.35,"$488,104.16",Occaisional
32422,12/01/2018,PAYMENT/TRANSFER DEBIT,Private Island Mortgage,Housing,"-$103,015.35","$385,088.81",Recurring
32421,12/01/2018,PAYMENT/TRANSFER DEBIT,Secret Lab Mortage,Housing,"-$30,256.38","$354,832.43",Recurring
32423,12/02/2018,PAYMENT/TRANSFER DEBIT,Emergency Shuttle Standby,Auto & Transport,"-$11,157.87","$343,674.56",Recurring
32424,12/03/2018,PAYMENT/TRANSFER DEBIT,Universal Subway Pass,Auto & Transport,"-$2,552.26","$341,122.30",Recurring
32425,12/04/2018,PAYMENT/TRANSFER DEBIT,Turbo Yacht - Mooring Fees,Auto & Transport,"-$25,362.87","$315,759.43",Recurring
32436,12/5/2018,ATM WITHDRAWAL,Work Caffeteria ATM,Uncategorized,-$403.00,"$315,356.43",Occaisional
32429,12/05/2018,PAYMENT/TRANSFER DEBIT,Car Maintentance Service,Auto & Transport,"-$2,241.12","$313,115.31",Recurring
32428,12/05/2018,PAYMENT/TRANSFER DEBIT,Galaxy Express Plutonium Card,Fees & Charges,"-$20,965.36","$292,149.95",Recurring
101546,12/05/2018,Direct Deposit,Dance of Mole Men - The Album,Royalties,"$30,266.52","$322,416.47",Recurring
32431,12/06/2018,PAYMENT/TRANSFER DEBIT,Electric & Gas,Utilities,"-$4,185.21","$318,231.26",Recurring
32427,12/06/2018,DEBIT PURCHASE,The Ledge at Skydeck,Food & Dining,-$896.35,"$317,334.91",Occaisional
32433,12/07/2018,PAYMENT/TRANSFER DEBIT,Secret Lab Insurance ,Insurance ,"-$1,352.02","$315,982.89",Recurring
32432,12/07/2018,PAYMENT/TRANSFER DEBIT,Private Island Volcano Insurance,Insurance ,"-$10,325.63","$305,657.26",Recurring
101584,12/07/2018,BALANCE TRANSER ,Savings Account,Transfer,"$70,000.00","$375,657.26",Recurring
32434,12/09/2018,DEBIT PURCHASE,Penthouse Rent/Timeshare,Housing,"-$10,500.52","$365,156.74",Recurring
32452,12/12/2018,DEBIT PURCHASE,"The Rolling Stones, Private Show",Entertainment,"-$25,006.35","$340,150.39",Occaisional
32435,12/12/2018,PAYMENT/TRANSFER DEBIT,Personal Accountant,Fees & Charges,"-$10,362.88","$329,787.51",Recurring
32447,12/13/2018,DEBIT PURCHASE,Dirty Candy,Food & Dining,-$24.63,"$329,762.88",Occaisional
32437,12/13/2018,DEBIT PURCHASE,NetPix On Demand Video,Entertainment,-$3.25,"$329,759.63",Occaisional
32439,12/14/2018,PAYMENT/TRANSFER DEBIT,Emergency Medical Wing Standby,Health & Fitness,"-$6,500.00","$323,259.63",Recurring
32440,12/15/2018,DEBIT PURCHASE,Personal Satellite Network ,Utilities,"-$25,026.35","$298,233.28",Recurring
32441,12/16/2018,DEBIT PURCHASE,Azerbaijan Grand Prix track rental,Entertainment,"-$20,652.99","$277,580.29",Occaisional
101612,12/16/2018,BALANCE TRANSER ,Money Market,Transfer,"$50,000.00","$327,580.29",Recurring
32438,12/18/2018,DEBIT PURCHASE,Taco Shack,Food & Dining,-$123.95,"$327,456.34",Occaisional
32455,12/21/2018,ATM WITHDRAWAL,7-11 ATM,Uncategorized,-$402.50,"$327,053.84",Occaisional
32444,12/21/2018,PAYMENT/TRANSFER DEBIT,Life and Clone Term Insurance ,Insurance ,-$898.32,"$326,155.52",Recurring
32443,12/21/2018,DEBIT PURCHASE,Electric Gloves,Clothing & Personal ,-$852.95,"$325,302.57",Occaisional
32442,12/21/2018,DEBIT PURCHASE,Redwoods Treehouse,Food & Dining,"-$1,389.89","$323,912.68",Occaisional
32430,12/21/2018,DEBIT PURCHASE,Clicker Dog Training System,Pets,-$365.23,"$323,547.45",Occaisional
32445,12/22/2018,PAYMENT/TRANSFER DEBIT,Personal Trainer / Body Guard,Health & Fitness,"-$12,365.95","$311,181.50",Recurring
32446,12/23/2018,PAYMENT/TRANSFER DEBIT,Personal Stylist (part time) ,Clothing & Personal ,"-$5,361.32","$305,820.18",Recurring
32449,12/24/2018,PAYMENT/TRANSFER DEBIT,Personal Chef/Nutritionist,Food & Dining,"-$8,659.48","$297,160.70",Recurring
32448,12/24/2018,PAYMENT/TRANSFER DEBIT,Personal Concierge,Entertainment,"-$2,506.99","$294,653.71",Recurring
32451,12/25/2018,PAYMENT/TRANSFER DEBIT,Clone maintenance / Health Insurance,Insurance ,"-$2,305.21","$292,348.50",Recurring
32450,12/25/2018,PAYMENT/TRANSFER DEBIT,AI Machine Learning Loans,Loans,"-$14,030.25","$278,318.25",Recurring
32453,12/26/2018,PAYMENT/TRANSFER DEBIT,Personal Lawyer,Fees & Charges,"-$2,966.35","$275,351.90",Recurring
32426,12/26/2018,DEBIT PURCHASE,Vertu Constellation Smartphone,Shopping,"-$13,652.25","$261,699.65",Occaisional
32473,01/01/2019,DEBIT PURCHASE,Taco Shack,Food & Dining,-$85.90,"$261,613.75",Occaisional
32457,01/01/2019,PAYMENT/TRANSFER DEBIT,Private Island Mortgage,Housing,"-$102,062.35","$159,551.40",Recurring
32456,01/01/2019,PAYMENT/TRANSFER DEBIT,Secret Lab Mortage,Housing,"-$29,185.38","$130,366.02",Recurring
32458,01/02/2019,PAYMENT/TRANSFER DEBIT,Emergency Shuttle Standby,Auto & Transport,"-$12,056.87","$118,309.15",Recurring
32454,1/2/2019,DEBIT PURCHASE,Anti Radiation Eyebrow Waxing,Health & Fitness,-$847.52,"$117,461.63",Occaisional
32461,01/03/2019,PAYMENT/TRANSFER DEBIT,Universal Subway Pass,Auto & Transport,"-$2,100.25","$115,361.38",Recurring
32463,01/04/2019,PAYMENT/TRANSFER DEBIT,Turbo Yacht - Mooring Fees,Auto & Transport,"-$17,023.21","$98,338.17",Recurring
32465,01/05/2019,PAYMENT/TRANSFER DEBIT,Car Maintentance Service,Auto & Transport,"-$2,153.02","$96,185.15",Recurring
32464,01/05/2019,PAYMENT/TRANSFER DEBIT,Galaxy Express Plutonium Card,Fees & Charges,"-$6,523.25","$89,661.90",Recurring
101547,01/05/2019,Direct Deposit,Dance of Mole Men - The Album,Royalties,"$24,011.68","$113,673.58",Recurring
32466,01/06/2019,PAYMENT/TRANSFER DEBIT,Electric & Gas,Utilities,"-$4,185.21","$109,488.37",Recurring
32468,01/07/2019,PAYMENT/TRANSFER DEBIT,Secret Lab Insurance ,Insurance ,"-$1,352.02","$108,136.35",Recurring
32467,01/07/2019,PAYMENT/TRANSFER DEBIT,Private Island Volcano Insurance,Insurance ,"-$10,325.63","$97,810.72",Recurring
101585,01/07/2019,BALANCE TRANSER ,Savings Account,Transfer,"$70,000.00","$167,810.72",Recurring
32460,01/08/2019,DEBIT PURCHASE,Hot Tub for Dogs,Pets,"-$4,502.11","$163,308.61",Occaisional
32459,01/08/2019,DEBIT PURCHASE,McLaren Venge Bicycle,Shopping,"-$18,002.35","$145,306.26",Occaisional
32469,01/09/2019,DEBIT PURCHASE,Penthouse Rent/Timeshare,Housing,"-$10,500.52","$134,805.74",Recurring
32487,01/10/2019,DEBIT PURCHASE,Harry Potter and the Cursed Child,Entertainment,-$659.32,"$134,146.42",Occaisional
32471,01/11/2019,ATM WITHDRAWAL,Work Caffeteria ATM,Uncategorized,-$403.00,"$133,743.42",Occaisional
32470,01/12/2019,PAYMENT/TRANSFER DEBIT,Personal Accountant,Fees & Charges,"-$10,362.88","$123,380.54",Recurring
32472,01/13/2019,DEBIT PURCHASE,NetPix On Demand Video,Entertainment,-$3.25,"$123,377.29",Occaisional
32482,01/14/2019,DEBIT PURCHASE,Homewood Mountain Resort,Food & Dining,"-$2,254.63","$121,122.66",Occaisional
32474,01/14/2019,PAYMENT/TRANSFER DEBIT,Emergency Medical Wing Standby,Health & Fitness,"-$6,500.00","$114,622.66",Recurring
32477,01/15/2019,DEBIT PURCHASE,Dinner in the Sky,Food & Dining,"-$1,268.52","$113,354.14",Occaisional
32475,01/15/2019,DEBIT PURCHASE,Personal Satellite Network ,Utilities,"-$15,020.36","$98,333.78",Recurring
101559,01/15/2019,DIRECT DEPOSIT,Trust Fund Stock,Dividends,"$699,686.46","$798,020.24",Recurring
32476,01/16/2019,DEBIT PURCHASE,Abu Dhabi Grand Prix,Entertainment,"-$18,667.64","$779,352.60",Occaisional
101613,01/16/2019,BALANCE TRANSER ,Money Market,Transfer,"$50,000.00","$829,352.60",Recurring
32479,01/21/2019,PAYMENT/TRANSFER DEBIT,Life and Clone Term Insurance ,Insurance ,-$898.32,"$828,454.28",Recurring
32478,01/21/2019,DEBIT PURCHASE,Hoverboard Shoes,Clothing & Personal ,-$895.32,"$827,558.96",Occaisional
32480,01/22/2019,PAYMENT/TRANSFER DEBIT,Personal Trainer / Body Guard,Health & Fitness,"-$12,365.95","$815,193.01",Recurring
32490,01/23/2019,ATM WITHDRAWAL,7-11 ATM,Uncategorized,-$402.50,"$814,790.51",Occaisional
32481,01/23/2019,PAYMENT/TRANSFER DEBIT,Personal Stylist (part time) ,Clothing & Personal ,"-$5,361.32","$809,429.19",Recurring
32484,01/24/2019,PAYMENT/TRANSFER DEBIT,Personal Chef/Nutritionist,Food & Dining,"-$8,659.48","$800,769.71",Recurring
32483,01/24/2019,PAYMENT/TRANSFER DEBIT,Personal Concierge,Entertainment,"-$2,506.99","$798,262.72",Recurring
32486,01/25/2019,PAYMENT/TRANSFER DEBIT,Clone maintenance / Health Insurance,Insurance ,"-$2,305.21","$795,957.51",Recurring
32485,01/25/2019,PAYMENT/TRANSFER DEBIT,AI Machine Learning Loans,Loans,"-$13,020.32","$782,937.19",Recurring
32488,01/26/2019,PAYMENT/TRANSFER DEBIT,Personal Lawyer,Fees & Charges,"-$2,966.35","$779,970.84",Recurring
32462,01/28/2019,DEBIT PURCHASE,Namale Fiji,Food & Dining,"-$3,689.25","$776,281.59",Occaisional
32497,02/01/2019,DEBIT PURCHASE,Zauo,Food & Dining,"-$2,356.35","$773,925.24",Occaisional
32492,02/01/2019,PAYMENT/TRANSFER DEBIT,Private Island Mortgage,Housing,"-$102,062.35","$671,862.89",Recurring
32491,02/01/2019,PAYMENT/TRANSFER DEBIT,Secret Lab Mortage,Housing,"-$29,185.38","$642,677.51",Recurring
32493,02/02/2019,PAYMENT/TRANSFER DEBIT,Emergency Shuttle Standby,Auto & Transport,"-$12,056.87","$630,620.64",Recurring
32496,02/03/2019,PAYMENT/TRANSFER DEBIT,Universal Subway Pass,Auto & Transport,"-$2,100.25","$628,520.39",Recurring
32494,02/03/2019,DEBIT PURCHASE,Emperor 200 PC WorkStation,Shopping,"-$20,365.55","$608,154.84",Occaisional
32498,02/04/2019,PAYMENT/TRANSFER DEBIT,Turbo Yacht - Mooring Fees,Auto & Transport,"-$17,023.21","$591,131.63",Recurring
32500,02/05/2019,PAYMENT/TRANSFER DEBIT,Car Maintentance Service,Auto & Transport,"-$2,153.02","$588,978.61",Recurring
32499,02/05/2019,PAYMENT/TRANSFER DEBIT,Galaxy Express Plutonium Card,Fees & Charges,"-$65,235.36","$523,743.25",Recurring
32495,02/05/2019,DEBIT PURCHASE,Autoelex Pet Pavilion ,Pets,"-$5,698.32","$518,044.93",Occaisional
101548,02/05/2019,Direct Deposit,Dance of Mole Men - The Album,Royalties,"$17,756.84","$535,801.77",Recurring
32501,02/06/2019,PAYMENT/TRANSFER DEBIT,Electric & Gas,Utilities,"-$4,185.21","$531,616.56",Recurring
32525,02/07/2019,DEBIT PURCHASE,Zero Gravity Yoga Training,Health & Fitness,"-$15,020.32","$516,596.24",Occaisional
32503,02/07/2019,PAYMENT/TRANSFER DEBIT,Secret Lab Insurance ,Insurance ,"-$1,352.02","$515,244.22",Recurring
32502,02/07/2019,PAYMENT/TRANSFER DEBIT,Private Island Volcano Insurance,Insurance ,"-$10,325.63","$504,918.59",Recurring
101586,02/07/2019,BALANCE TRANSER ,Savings Account,Transfer,"$70,000.00","$574,918.59",Recurring
32508,02/08/2019,DEBIT PURCHASE,Taco Shack,Food & Dining,-$35.96,"$574,882.63",Occaisional
32504,02/09/2019,DEBIT PURCHASE,Penthouse Rent/Timeshare,Housing,"-$10,500.52","$564,382.11",Recurring
32505,02/12/2019,PAYMENT/TRANSFER DEBIT,Personal Accountant,Fees & Charges,"-$10,362.88","$554,019.23",Recurring
32507,02/13/2019,DEBIT PURCHASE,NetPix On Demand Video,Entertainment,-$3.25,"$554,015.98",Occaisional
32489,02/13/2019,DEBIT PURCHASE,Remote Start pacemaker implant,Health & Fitness,"-$152,000.22","$402,015.76",Occaisional
32509,02/14/2019,PAYMENT/TRANSFER DEBIT,Emergency Medical Wing Standby,Health & Fitness,"-$6,500.00","$395,515.76",Recurring
32510,02/15/2019,DEBIT PURCHASE,Personal Satellite Network ,Utilities,"-$15,020.36","$380,495.40",Recurring
32511,02/16/2019,DEBIT PURCHASE,Maclaren Rental,Entertainment,"-$8,653.21","$371,842.19",Occaisional
101614,02/16/2019,BALANCE TRANSER ,Money Market,Transfer,"$50,000.00","$421,842.19",Recurring
32512,02/17/2019,ATM WITHDRAWAL,7-11 ATM,Uncategorized,-$402.50,"$421,439.69",Occaisional
32506,02/18/2019,ATM WITHDRAWAL,Work Caffeteria ATM,Uncategorized,-$403.00,"$421,036.69",Occaisional
32515,02/21/2019,PAYMENT/TRANSFER DEBIT,Life and Clone Term Insurance ,Insurance ,-$898.32,"$420,138.37",Recurring
32514,02/21/2019,DEBIT PURCHASE,Fireproof cape,Clothing & Personal ,"-$1,036.85","$419,101.52",Occaisional
32516,02/22/2019,PAYMENT/TRANSFER DEBIT,Personal Trainer / Body Guard,Health & Fitness,"-$12,365.95","$406,735.57",Recurring
32513,02/22/2019,DEBIT PURCHASE,Ninja New York,Food & Dining,-$895.35,"$405,840.22",Occaisional
32517,02/23/2019,PAYMENT/TRANSFER DEBIT,Personal Stylist (part time) ,Clothing & Personal ,"-$5,361.32","$400,478.90",Recurring
32520,02/24/2019,PAYMENT/TRANSFER DEBIT,Personal Chef/Nutritionist,Food & Dining,"-$8,659.48","$391,819.42",Recurring
32519,02/24/2019,PAYMENT/TRANSFER DEBIT,Personal Concierge,Entertainment,"-$2,506.99","$389,312.43",Recurring
32522,02/25/2019,PAYMENT/TRANSFER DEBIT,Clone maintenance / Health Insurance,Insurance ,"-$2,305.21","$387,007.22",Recurring
32521,02/25/2019,PAYMENT/TRANSFER DEBIT,AI Machine Learning Loans,Loans,"-$13,020.32","$373,986.90",Recurring
32524,02/26/2019,PAYMENT/TRANSFER DEBIT,Personal Lawyer,Fees & Charges,"-$2,966.35","$371,020.55",Recurring
32518,02/26/2019,DEBIT PURCHASE,Ninja Dining,Food & Dining,"-$2,854.63","$368,165.92",Occaisional
32527,03/01/2019,PAYMENT/TRANSFER DEBIT,Private Island Mortgage,Housing,"-$102,062.35","$266,103.57",Recurring
32526,03/01/2019,PAYMENT/TRANSFER DEBIT,Secret Lab Mortage,Housing,"-$29,185.38","$236,918.19",Recurring
32528,03/02/2019,PAYMENT/TRANSFER DEBIT,Emergency Shuttle Standby,Auto & Transport,"-$12,056.87","$224,861.32",Recurring
32531,03/03/2019,PAYMENT/TRANSFER DEBIT,Universal Subway Pass,Auto & Transport,"-$2,100.25","$222,761.07",Recurring
32533,03/04/2019,PAYMENT/TRANSFER DEBIT,Turbo Yacht - Mooring Fees,Auto & Transport,"-$17,023.21","$205,737.86",Recurring
32535,03/05/2019,PAYMENT/TRANSFER DEBIT,Car Maintentance Service,Auto & Transport,"-$2,153.02","$203,584.84",Recurring
32534,03/05/2019,PAYMENT/TRANSFER DEBIT,Galaxy Express Plutonium Card,Fees & Charges,"-$25,632.00","$177,952.84",Recurring
101549,03/05/2019,Direct Deposit,Dance of Mole Men - The Album,Royalties,"$11,502.00","$189,454.84",Recurring
32536,03/06/2019,PAYMENT/TRANSFER DEBIT,Electric & Gas,Utilities,"-$4,185.21","$185,269.63",Recurring
32552,03/07/2019,DEBIT PURCHASE,Masa,Food & Dining,-$254.63,"$185,015.00",Occaisional
32538,03/07/2019,PAYMENT/TRANSFER DEBIT,Secret Lab Insurance ,Insurance ,"-$1,352.02","$183,662.98",Recurring
32537,03/07/2019,PAYMENT/TRANSFER DEBIT,Private Island Volcano Insurance,Insurance ,"-$10,325.63","$173,337.35",Recurring
32530,03/07/2019,DEBIT PURCHASE,PetZen DogTread Motorized Exercise Treadmill ,Pets,"-$12,056.23","$161,281.12",Occaisional
32529,03/07/2019,DEBIT PURCHASE,10 Self Driving Rocking Chairs,Shopping,"-$15,032.86","$146,248.26",Occaisional
101587,03/07/2019,BALANCE TRANSER ,Savings Account,Transfer,"$70,000.00","$216,248.26",Recurring
32539,03/09/2019,DEBIT PURCHASE,Penthouse Rent/Timeshare,Housing,"-$10,500.52","$205,747.74",Recurring
32540,03/12/2019,PAYMENT/TRANSFER DEBIT,Personal Accountant,Fees & Charges,"-$10,362.88","$195,384.86",Recurring
32559,03/13/2019,DEBIT PURCHASE,Giant Infared Healing Clam,Health & Fitness,"-$14,003.23","$181,381.63",Occaisional
32543,03/13/2019,DEBIT PURCHASE,Taco Shack,Food & Dining,-$325.96,"$181,055.67",Occaisional
32542,03/13/2019,DEBIT PURCHASE,NetPix On Demand Video,Entertainment,-$3.25,"$181,052.42",Occaisional
32544,03/14/2019,PAYMENT/TRANSFER DEBIT,Emergency Medical Wing Standby,Health & Fitness,"-$6,500.00","$174,552.42",Recurring
32532,03/14/2019,DEBIT PURCHASE,"Guy Savoy, Paris (Groupon) ",Food & Dining,"-$12,635.00","$161,917.42",Occaisional
32545,03/15/2019,DEBIT PURCHASE,Personal Satellite Network ,Utilities,"-$15,020.36","$146,897.06",Recurring
32546,03/16/2019,DEBIT PURCHASE,Australian Grand Prix ,Entertainment,"-$18,667.64","$128,229.42",Occaisional
101615,03/16/2019,BALANCE TRANSER ,Money Market,Transfer,"$50,000.00","$178,229.42",Recurring
32560,03/20/2019,ATM WITHDRAWAL,7-11 ATM,Uncategorized,-$402.50,"$177,826.92",Occaisional
32547,03/20/2019,DEBIT PURCHASE,Ithaa Undersea Restaurant,Food & Dining,"-$26,895.46","$150,931.46",Occaisional
32549,03/21/2019,PAYMENT/TRANSFER DEBIT,Life and Clone Term Insurance ,Insurance ,-$898.32,"$150,033.14",Recurring
32548,03/21/2019,DEBIT PURCHASE,Custom Space Helmet,Clothing & Personal ,"-$5,232.99","$144,800.15",Occaisional
32541,03/21/2019,ATM WITHDRAWAL,Work Caffeteria ATM,Uncategorized,-$403.00,"$144,397.15",Occaisional
32550,03/22/2019,PAYMENT/TRANSFER DEBIT,Personal Trainer / Body Guard,Health & Fitness,"-$12,365.95","$132,031.20",Recurring
32551,03/23/2019,PAYMENT/TRANSFER DEBIT,Personal Stylist (part time) ,Clothing & Personal ,"-$5,361.32","$126,669.88",Recurring
32554,03/24/2019,PAYMENT/TRANSFER DEBIT,Personal Chef/Nutritionist,Food & Dining,"-$8,659.48","$118,010.40",Recurring
32553,03/24/2019,PAYMENT/TRANSFER DEBIT,Personal Concierge,Entertainment,"-$2,506.99","$115,503.41",Recurring
32556,03/25/2019,PAYMENT/TRANSFER DEBIT,Clone maintenance / Health Insurance,Insurance ,"-$2,305.21","$113,198.20",Recurring
32555,03/25/2019,PAYMENT/TRANSFER DEBIT,AI Machine Learning Loans,Loans,"-$13,020.32","$100,177.88",Recurring
32558,03/26/2019,PAYMENT/TRANSFER DEBIT,Personal Lawyer,Fees & Charges,"-$2,966.35","$97,211.53",Recurring
32557,03/26/2019,DEBIT PURCHASE,"Hamilton, Private Show",Entertainment,"-$25,006.35","$72,205.18",Occaisional